3584 4522
183 446 297 526 Talis
317 446 360 525 in
382 446 495 528 hoste
514 445 596 526 fuit
616 447 778 527 Priamo
800 477 810 544 ;
841 447 908 528 sed
929 448 1015 527 iura
1035 444 1238 557 fidemque

184 559 390 667 Supplicis
411 558 589 653 erubuit,
610 585 834 669 corpusque
854 586 1051 668 exsangue
1071 558 1283 668 sepulchro

187 671 384 752 Reddidit
405 673 677 767 Hectoreum,
697 699 844 780 meque
864 671 906 752 in
927 698 1017 752 mea
1036 699 1158 779 regna
1177 671 1343 753 remisit.

185 784 252 862 Sic
272 782 377 862 fatus
397 784 542 878 senior,
565 783 773 891 telumque
793 783 939 862 inbelle
958 785 1044 862 sine
1063 786 1147 863 ictu

185 896 389 988 Coniecit‚
406 920 526 972 rauco
548 894 659 1000 quod
679 896 861 1003 protinus
881 921 970 973 aere
988 897 1193 1002 repulsum

185 1007 240 1085 Et
261 1033 421 1087 summo
442 1006 563 1112 clipei
584 1008 835 1115 nequiquam
855 1006 1030 1086 umbone
1050 1006 1257 1114 pependit.

244 1291 323 1368 Cui
348 1287 526 1395 Pyrrhus
548 1315 558 1364 :
592 1284 756 1367 Referes
775 1314 871 1393 ergo
892 1288 990 1367 haec
1011 1307 1050 1366 et
1070 1288 1238 1367 nuntius
1256 1286 1334 1367 ibis

187 1402 349 1481 Pelidae
370 1400 547 1506 genitori
568 1431 578 1494 ;
612 1400 669 1478 illi
690 1426 779 1477 mea
799 1400 925 1478 tristia
944 1397 1050 1479 facta

187 1515 527 1620 Degeneremque
548 1511 871 1618 Neoptolemum
890 1539 1047 1591 narrare
1066 1529 1288 1610 memento.

185 1628 229 1704 N
233 1652 311 1703 unc
334 1650 503 1702 morere.
565 1622 663 1700 Hoc
683 1622 819 1702 dicens
838 1625 974 1701 altaria
994 1624 1043 1701 ad
1062 1625 1149 1731 ipsa
1168 1640 1408 1702 trementem

184 1738 331 1816 Traxit
352 1755 392 1814 et
413 1738 455 1814 in
476 1735 608 1812 multo
629 1733 849 1839 lapsantem
869 1736 1063 1839 sanguine
1095 1735 1197 1830 nati,

185 1850 464 1957 Inplicuitque
485 1871 646 1925 comam
665 1846 787 1939 laeva,
809 1843 1031 1951 dextraque
1050 1872 1262 1925 coruscum

186 1962 348 2040 Extulit
368 1986 413 2038 ac
432 1959 548 2038 lateri
569 1957 714 2063 capulo
736 1974 848 2035 tenus
868 1955 1024 2035 abdidit
1043 1983 1189 2037 ensem.

244 2226 360 2303 Haec
381 2219 473 2302 finis
496 2222 648 2301 Priami
669 2217 844 2298 fatorum
864 2250 874 2314 ;
905 2218 974 2299 hic
994 2222 1124 2300 exitus
1144 2221 1261 2301 illum

185 2339 300 2416 Sorte
320 2337 428 2431 tulit,
449 2335 620 2412 Troiam
640 2333 844 2410 incensam
864 2350 903 2409 et
922 2333 1103 2438 prolapsa
1122 2332 1330 2412 videntem

186 2449 393 2554 Pergama,
415 2464 476 2524 tot
498 2444 704 2551 quondam
726 2443 882 2549 populis
903 2445 1099 2550 terrisque
1120 2446 1338 2553 superbum

186 2561 462 2667 Regnatorem
482 2557 617 2634 Asiae.
677 2552 785 2632 Iacet
806 2555 946 2659 ingens
966 2555 1082 2633 litore
1102 2574 1280 2651 truncus,

183 2674 466 2777 Avolsumque
486 2668 635 2745 umeris
655 2682 788 2771 caput,
809 2683 848 2742 et
868 2666 952 2743 sine
972 2668 1136 2746 nomine
1156 2694 1312 2775 corpus.

241 2939 299 3015 At
320 2952 496 3012 metum
517 2930 697 3037 primum
717 2952 851 3005 saevus
872 2929 1138 3010 circumstetit
1157 2932 1312 3013 horror.

183 3047 378 3153 Obstipui
399 3076 409 3138 ;
441 3040 565 3121 subiit
586 3040 664 3117 cari
687 3038 878 3145 genitoris
897 3040 1045 3146 imago,

183 3160 244 3237 Ut
266 3183 402 3264 regern
423 3176 673 3257 aequaevum
693 3147 842 3227 crudeli
862 3151 1022 3229 volnere
1043 3153 1128 3233 vidi

183 3270 324 3347 Vitam
346 3264 601 3345 exhalantem
622 3290 632 3353 ;
663 3257 785 3337 subiit
806 3257 955 3339 deserta
977 3262 1141 3361 Creusa,

183 3382 238 3460 Et
259 3378 414 3485 direpta
435 3372 590 3463 aloinus,
612 3389 651 3448 et
672 3368 783 3477 parvi
804 3394 912 3451 casus
932 3371 1029 3451 Iuli.

183 3490 392 3595 Respieio,
413 3504 466 3573 ct,
489 3508 589 3589 qam
610 3482 660 3559 sit
681 3506 746 3559 me
767 3479 920 3560 circum
940 3485 1070 3591 copia,
1090 3485 1228 3568 lustro.

183 3604 404 3682 Deseruere
426 3620 563 3673 ariarates
583 3588 736 3685 defessi,
758 3608 797 3667 et
817 3615 982 3700 corpora
1002 3597 1102 3675 saltu

182 3712 250 3793 Ad
273 3730 416 3787 terrant
441 3704 581 3783 irrisere
602 3722 670 3782 aut
691 3700 851 3809 ignibus
873 3730 987 3811 aegra
1009 3705 1163 3788 dedere.

241 3980 407 4085 lantque
430 3974 527 4055 arlon
548 4000 665 4079 super
685 3998 786 4053 unus
808 3996 928 4065 eram,
950 4002 1044 4058 cum
1065 3979 1207 4061 limina
1228 3984 1373 4068 Vestae
1474 3976 1476 3980 λ

183 4096 414 4173 Servantcrn
436 4107 474 4165 ct
497 4086 660 4165 tacitam
680 4103 826 4165 secreta
847 4082 888 4160 in
909 4087 999 4167 sede
1020 4092 1208 4173 latentem

181 4202 413 4313 Tyndarida
434 4196 609 4303 aspicio:
642 4198 735 4277 dant
756 4194 1064 4348 claraoipcendia
1083 4205 1217 4285 lucem

1430 1737 1436 1750 ,
1520 1643 1602 1727 550
