3584 4522
182 434 283 517 Vela
304 456 421 517 vocet
442 434 646 545 possisque
665 433 770 513 sinus
790 433 942 542 inplere
961 435 1167 532 secundos,

184 550 298 636 Quin
320 551 435 628 adeas
454 566 589 627 vatem
608 546 873 654 precibusque
892 548 1049 626 oracula
1068 574 1205 658 poscas

183 662 276 768 Ipsa
296 679 425 757 canat,
445 684 671 765 vocemque
688 659 823 737 volens
843 676 963 765 atque
983 686 1050 739 ora
1070 661 1250 740 resolvat.

185 774 260 854 Illa
279 774 356 853 tibi
380 772 520 851 Italiae
539 771 708 877 populos
727 791 972 876 venturaque
992 771 1108 870 bella,

183 888 239 966 Et
261 914 343 995 quo
365 909 570 992 quemque
589 882 710 961 modo
729 879 938 988 fugiasque
958 879 1135 992 ferasque
1152 884 1345 978 laborem,

183 997 403 1105 Expediet,
424 1020 640 1102 cursusque
660 993 770 1073 dabit
789 1012 972 1071 venerata
992 996 1194 1076 secundos.

186 1111 305 1188 Haec
325 1126 433 1202 sunt,
454 1133 557 1214 quae
576 1125 707 1185 nostra
724 1107 843 1184 liceat
861 1124 902 1183 te
920 1132 1017 1184 voce
1037 1108 1206 1187 moneri.

185 1222 301 1300 Vade
321 1246 409 1327 age,
430 1238 470 1296 et
490 1218 698 1325 ingentem
716 1215 830 1296 factis
849 1214 908 1296 fer
926 1218 975 1296 ad
994 1218 1154 1298 aethera
1172 1219 1354 1298 Troiam.

242 1444 360 1530 Quae
380 1461 597 1549 postquam
616 1459 722 1521 vates
741 1443 798 1520 sic
818 1469 885 1520 ore
905 1441 1045 1521 effatus
1065 1443 1196 1521 amico
1216 1462 1287 1538 est,

187 1557 308 1636 Dona
328 1554 478 1634 dehinc
499 1580 596 1631 auro
617 1555 750 1658 gravia
769 1575 957 1660 sectoque
978 1553 1190 1661 elephanto

188 1669 369 1775 Imperat
390 1665 438 1743 ad
460 1692 579 1744 naves
599 1662 705 1758 ferri,
726 1665 926 1773 stipatque
947 1668 1088 1745 carinis

186 1780 336 1887 Ingens
357 1796 586 1885 argentum,
607 1777 927 1883 Dodonaeosque
945 1778 1104 1873 lebetas,

187 1893 379 1972 Loricam
400 1909 623 1970 consertam
642 1890 769 1968 hamis
790 1915 964 1997 auroque
984 1891 1170 1985 trilicem,

186 2005 244 2083 Et
264 2031 415 2082 conum
435 2003 605 2108 insignis
625 2002 757 2109 galeae
778 2002 994 2109 cristasque
1015 2020 1229 2097 comantes,

186 2119 316 2195 Arma
336 2114 615 2223 Neoptolemi.
676 2113 776 2192 Sunt
796 2132 836 2192 et
856 2140 925 2194 sua
944 2114 1047 2193 dona
1065 2116 1233 2224 parenti.

186 2228 319 2307 Addit
340 2253 478 2334 equos,
500 2226 690 2332 additque
709 2225 849 2321 duees余

189 2341 434 2447 Remigium
455 2338 635 2446 supplet余
667 2339 791 2417 socios
812 2338 931 2416 simul
952 2339 1113 2417 instruit
1132 2339 1262 2418 armis.

245 2563 404 2643 Interea
424 2563 590 2641 classem
609 2561 707 2639 velis
726 2579 860 2668 aptare
879 2560 1042 2640 iubebat

186 2675 403 2768 Anchises,
421 2669 538 2752 fieret
558 2691 679 2751 vento
698 2700 810 2751 mora
830 2701 880 2751 ne
901 2701 979 2780 qua
997 2671 1153 2753 ferenti.

188 2787 327 2873 Quem
350 2785 508 2865 Phoebi
530 2787 722 2892 interpres
741 2786 871 2864 multo
892 2786 1107 2893 compellat
1126 2784 1311 2865 honore:

188 2899 411 3005 Coniugio,
432 2895 625 2992 Anchise,
647 2897 809 2976 Veneris
829 2895 992 3004 dignate
1012 2897 1195 3005 superbo,

188 3012 299 3089 Cura
318 3011 456 3104 deum,
477 3009 538 3087 bis
560 3009 785 3115 Pergameis
804 3027 938 3116 erepte
956 3010 1093 3104 ruinis,

188 3122 297 3201 Ecce
317 3121 394 3201 tibi
415 3122 621 3200 Ausoniae
641 3122 757 3200 tellus
774 3152 784 3216 余
815 3121 920 3199 hanc
940 3122 1067 3229 arripe
1087 3122 1196 3200 velis.

187 3234 243 3313 Et
264 3253 401 3312 tamen
422 3232 527 3311 hanc
548 3234 691 3341 pelago
710 3232 993 3341 praeterlabare
1013 3259 1167 3313 necesse
1187 3250 1273 3329 est余

186 3346 392 3425 Ausoniae
412 3371 501 3454 pars
521 3346 588 3423 illa
607 3346 758 3452 procul,
779 3371 901 3452 quam
919 3344 1061 3451 pandit
1080 3346 1244 3454 Apollo.

188 3458 316 3552 Vade,
338 3458 407 3551 ait,
429 3485 453 3535 o
475 3453 573 3535 felix
591 3458 674 3535 nati
693 3458 853 3564 pietate.
914 3458 1025 3544 Quid
1046 3459 1150 3536 ultra

190 3569 398 3648 Provehor
419 3588 460 3647 et
479 3567 601 3648 fando
622 3587 824 3676 surgentes
846 3569 1029 3649 demoror
1048 3570 1229 3649 austros?

246 3792 337 3903 Nec
359 3794 493 3871 minus
513 3792 809 3888 Andromache,
830 3792 1005 3901 digressu
1026 3807 1174 3872 maesta
1193 3818 1394 3900 supremo,

190 3904 285 3983 Fert
305 3906 523 4010 picturatas
544 3906 629 3983 auri
649 3903 873 3982 subtemine
892 3923 1017 3983 vestes

188 4018 244 4095 Et
266 4015 490 4124 Phrygiam
510 4017 684 4094 Ascanio
704 4015 971 4123 chlamydem,
992 4042 1066 4094 nec
1087 4014 1193 4093 cedit
1212 4014 1371 4112 honori,

186 4130 501 4234 Textilibusque
522 4145 659 4206 onerat
678 4126 804 4222 donis,
825 4154 870 4205 ac
891 4128 983 4204 talia
1003 4124 1135 4205 fatur:
1515 4123 1596 4233 485

188 4242 346 4348 Accipe
367 4259 406 4319 et
426 4238 540 4336 haec,
562 4267 754 4318 manuum
775 4238 849 4319 tibi
871 4266 972 4345 quae
992 4257 1257 4320 monumenta
1275 4267 1459 4322 mearum
