3584 4522
1504 200 1555 269 Ν

142 311 257 398 Quin
276 313 411 419 potius
432 339 573 419 pacem
594 330 796 391 aeternam
816 288 1030 433 pactosque
1050 313 1294 424 hymenaeos
1419 386 1440 407 ,

143 425 419 503 Exercemus?
451 425 584 518 habes,
607 442 689 503 tota
710 425 819 533 quod
839 445 973 504 mente
993 429 1155 534 petisti:

143 536 271 615 Ardet
292 563 426 616 amans
447 535 558 615 Dido
580 538 780 645 traxitque
800 564 872 644 per
891 564 974 617 ossa
993 536 1185 619 furorem.

145 648 665 755 Communem'huncergo
684 650 883 759 populum
904 649 1144 759 paribusque
1166 677 1348 759 regamus

145 762 351 869 Auspiciis
370 793 380 856 ;
411 762 530 839 liceat
552 760 732 871 Phrygio
752 763 898 840 servire
918 764 1077 865 marito,
1299 764 1304 775 '

145 874 393 980 Dotalesque
414 877 506 951 tuae
520 874 666 982 Tyrios
687 875 921 981 permittere
941 873 1119 955 dextrae.

205 1207 472 1289 Olli—sensit
492 1208 601 1285 enim
617 1207 800 1285 simulata
820 1225 954 1285 mente
973 1210 1173 1303 locutam,

150 1321 245 1405 Quo
266 1344 438 1424 regnum
459 1318 599 1398 Italiae
621 1318 791 1427 Libycas
812 1317 1003 1398 averteret
1023 1348 1166 1401 oras-

150 1432 215 1512 Sic
235 1450 375 1510 contra
395 1449 453 1510 est
472 1433 644 1537 ingressa
665 1431 804 1509 Venus
825 1460 834 1509 :
868 1434 969 1518 Quis
990 1433 1083 1511 talia
1105 1434 1267 1514 demens

151 1544 333 1637 Abnuat‚
355 1562 423 1622 aut
443 1561 579 1621 tecum
599 1544 712 1621 malit
731 1545 972 1622 contendere
993 1543 1110 1640 bello,

152 1656 192 1734 Si
213 1656 351 1750 modo,
373 1654 482 1762 quod
502 1681 710 1748 memoras,
731 1651 883 1734 factum
897 1653 1055 1734 fortuna
1075 1659 1295 1765 sequatur?

154 1768 230 1846 Sed
250 1763 341 1846 fatis
361 1768 512 1846 incerta
532 1763 649 1873 feror,
670 1768 702 1845 si
723 1765 908 1875 Iuppiter
927 1796 1048 1847 unam

154 1880 250 1958 Esse
263 1863 366 1959 uelit
386 1880 522 1988 Tyriis
542 1879 684 1957 urbem
703 1880 906 1987 Troiaque
927 1878 1128 1987 profectis,

157 1991 377 2070 Miscerive
397 1991 541 2096 probet
560 1992 743 2099 populos,
765 2009 832 2069 aut
850 1989 1009 2071 foedera
1028 1995 1156 2100 iungi.

152 2105 221 2182 Tu
242 2104 420 2181 coniunx
440 2134 450 2195 ;
484 2102 559 2181 tibi
579 2100 635 2181 fas
656 2104 835 2181 animum
857 2123 1050 2213 temptare
1070 2106 1279 2213 precando.

158 2215 285 2321 Perge
306 2247 317 2310 ;
349 2241 501 2320 sequar.
561 2216 670 2292 Tum
691 2217 747 2293 sic
767 2218 924 2323 excepit
945 2218 1053 2323 regia
1073 2217 1207 2296 Iuno:

157 2326 331 2405 Mecum
352 2328 428 2403 erit
449 2327 522 2405 iste
540 2325 665 2404 labor.
725 2327 849 2405 Nunc
871 2355 948 2434 qua
967 2330 1133 2424 ratione,
1154 2329 1264 2437 quod
1283 2331 1435 2439 instat,

157 2435 337 2518 Conficri
358 2439 497 2545 possit,
519 2438 668 2543 paucis,
690 2436 863 2533 adverte,
884 2439 1050 2546 docebo.

159 2552 365 2630 Venatum
386 2550 541 2628 Aeneas
562 2576 720 2655 unaque
740 2552 961 2629 miserrima
980 2550 1092 2630 Dido

158 2662 207 2741 In
228 2687 370 2739 nemus
391 2662 449 2739 ire
469 2679 622 2767 parant,
643 2661 714 2740 ubi
734 2663 885 2769 primos
905 2665 1098 2743 crastinus
1118 2683 1227 2743 ortus

159 2773 364 2853 Extulerit
383 2774 507 2851 Titan
528 2772 726 2880 radiisque
745 2777 933 2853 retexerit
953 2777 1102 2855 orbem.
1185 2846 1189 2853 .

160 2886 241 2964 His
262 2911 338 2991 ego
359 2886 588 2990 nigrantem
607 2886 828 2963 commixta
848 2887 1039 2990 grandine
1058 2889 1258 2985 nimbum,

160 2999 275 3077 Dum
296 2997 497 3105 trepidant
517 3001 612 3091 alae,
633 2998 832 3103 saltusque
852 2998 1042 3104 indagine
1062 2999 1244 3107 cingunt,

160 3111 347 3216 Desuper
366 3106 590 3204 infundam,
611 3127 651 3186 et
671 3110 822 3187 tonitru
843 3110 997 3188 caelum
1017 3138 1137 3189 omne
1156 3112 1284 3192 ciebo.

87 3254 94 3265 ·
162 3220 397 3327 Diffugient
416 3222 583 3300 comites
603 3239 643 3299 et
662 3242 780 3299 nocte
800 3240 984 3329 tegentur
1004 3249 1156 3330 opaca:
1196 3261 1200 3267 ·

162 3334 403 3440 Speluncam
423 3332 535 3411 Dido
556 3332 640 3410 dux
659 3351 700 3411 et
719 3335 916 3412 Troianus
936 3333 1103 3413 eandem
1161 3386 1164 3391 «

164 3445 407 3523 Devenient.
467 3444 617 3539 Ader0,
638 3462 692 3539 et,
713 3463 781 3523 tua
799 3448 831 3523 si
851 3444 956 3524 mihi
976 3466 1083 3524 certa
1101 3447 1296 3544 voluntas,
1397 3492 1401 3499 ·

165 3555 355 3636 Conubio
375 3558 543 3663 iungam
562 3557 692 3636 stabili
712 3558 997 3665 propriamque
1016 3557 1170 3637 dicabo.

165 3669 252 3747 Hic
274 3667 539 3776 Hymenaeus
559 3669 673 3795 erit.)
706 3669 803 3747 Non
825 3669 1025 3747 adversata
1044 3671 1198 3775 petenti

164 3779 338 3876 Adnuit,
359 3798 480 3887 atque
501 3780 601 3859 dolis
621 3781 706 3859 nsit
728 3780 928 3889 Cytherea
949 3781 1123 3887 repertis.
