3584 4522
183 452 396 562 Sanguinis
416 473 457 534 et
478 449 578 532 sacri
599 469 766 558 pateras,
788 440 1044 559 animamque
1064 431 1277 559 sepulchro

183 566 421 661 Condimus,
443 585 483 645 et
503 590 649 671 magna
669 589 903 671 supremum
923 589 1021 643 voce
1040 565 1202 643 ciemus.

241 814 354 908 Inde,
376 813 445 892 ubi
467 813 599 919 prima
619 808 715 891 fides
735 811 893 919 pelago,
914 810 1145 918 placataque
1165 809 1276 889 venti

184 927 296 1005 Dant
317 926 445 1004 maria
466 943 505 1002 et
524 925 625 1005 lenis
646 926 842 1031 crepitans
863 939 978 1001 vocat
999 925 1187 1002 austerio
1208 925 1350 1018 altum,
1533 950 1585 1032 70

185 1040 405 1118 Deducunt
426 1037 526 1117 socii
548 1063 665 1116 naves
685 1057 725 1114 et
745 1037 864 1114 litora
883 1034 1083 1140 conplent.

185 1148 456 1229 Provehimur
477 1169 611 1258 portu,
634 1169 838 1254 terraeque
858 1146 1051 1254 urbesque
1072 1145 1275 1226 recedunt.

243 1399 361 1477 Sacra
383 1400 484 1477 mari
506 1398 655 1476 colitur
674 1395 810 1475 medio
830 1396 1052 1504 gratissima
1071 1396 1185 1475 tellus

185 1510 412 1589 Nereidum
434 1512 553 1589 matri
575 1529 615 1588 et
636 1509 833 1615 Neptuno
854 1510 1029 1615 Aegaeo,

187 1624 323 1709 Quam
344 1624 434 1731 pius
455 1622 693 1701 Arcitenens
713 1647 800 1700 oras
821 1641 860 1698 et
880 1622 996 1699 litora
1016 1620 1169 1698 circum

184 1736 398 1815 Errantem
421 1736 606 1844 Mycono
628 1761 649 1812 e
671 1735 770 1812 celsa
793 1733 1008 1842 Gyaroque
1028 1733 1212 1827 revinxit,

188 1847 475 1955 Inmutamque
497 1848 574 1926 coli
596 1846 706 1924 dedit
727 1867 767 1924 et
788 1867 1042 1924 contemnere
1060 1865 1212 1923 ventos.

186 1960 228 2038 H
236 1986 284 2037 uc
305 1957 411 2037 feror
434 1989 445 2052 3
476 1958 575 2037 haec
596 1956 712 2037 fessos
733 1979 821 2036 tuto
842 1957 1110 2067 placidissima
1129 1975 1249 2063 portu

186 2072 366 2178 Accipit.
429 2071 588 2177 Egressi
608 2097 846 2149 veneramur
866 2070 1065 2178 Apollinis
1086 2068 1240 2147 urbem.

188 2184 277 2261 Rex
299 2183 444 2277 Anius,
467 2208 536 2260 rex
556 2181 666 2260 idem
687 2183 903 2260 hominum
925 2180 1159 2288 Phoebique
1179 2180 1372 2275 sacerdos,

186 2294 312 2372 Vittis
334 2315 372 2372 et
392 2320 502 2372 sacra
518 2294 725 2372 redimitus
746 2313 928 2401 tempora
944 2294 1071 2387 lauro,

185 2404 375 2484 Occurrit
394 2438 405 2500 ;
435 2426 617 2483 veterem
639 2403 847 2485 Anchisen
868 2404 1074 2511 adgnoscit
1094 2404 1289 2483 amicum.

185 2516 401 2625 Iungimus
421 2518 604 2625 hospitio
624 2516 795 2611 dextras,
816 2536 854 2595 et
876 2536 980 2594 tecta
1000 2516 1192 2595 subimus.

240 2765 418 2873 Templa
437 2764 504 2844 dei
525 2791 620 2845 saxo
639 2765 858 2846 venerabar
877 2784 1026 2844 structa
1043 2783 1222 2844 vetusto:

187 2876 251 2957 Da
272 2879 493 2985 propriam,
515 2878 788 2987 Thymbraee,
810 2877 1010 2972 domum3
1041 2875 1091 2954 da
1109 2877 1269 2955 moenia
1285 2873 1395 2954 semis

187 2990 240 3068 Et
261 3016 386 3095 genus
406 3010 447 3069 et
467 3017 699 3069 mansuram
719 2990 862 3070 urbem
880 3021 891 3084 ;
922 3015 1032 3068 serva
1050 2990 1173 3067 altera
1190 2990 1340 3069 Troiae

188 3102 397 3207 Pergama,
419 3103 607 3210 reliquias
629 3101 817 3182 Danaum
836 3122 956 3209 atque
975 3102 1129 3180 inmitis
1147 3101 1315 3180 Achilli.

186 3214 324 3301 Quem
343 3216 582 3322 sequimur?
613 3242 744 3322 quove
764 3217 823 3293 ire
842 3214 984 3292 iubes?
1015 3213 1086 3293 ubi
1104 3240 1253 3321 ponere
1271 3214 1412 3292 sedes?

189 3327 266 3411 Du.
287 3346 414 3433 pater,
435 3329 667 3435 augurium,
686 3348 807 3434 atque
826 3328 970 3405 animis
990 3326 1165 3405 inlabere
1184 3326 1340 3405 nostris.

242 3574 325 3653 Vix
345 3601 391 3651 ea
411 3571 516 3653 fatus
537 3602 674 3655 eram:
707 3598 878 3656 tremere
899 3579 1035 3657 omnia
1052 3578 1136 3656 risa
1155 3594 1332 3682 repente,

188 3686 432 3792 Liminuque
452 3688 669 3795 laurusque
688 3690 768 3783 dei,
784 3710 972 3799 totusque
992 3690 1144 3769 moveri

187 3796 313 3875 Mons
333 3800 503 3890 circum,
525 3821 565 3876 et
585 3804 743 3907 mugire
763 3802 892 3911 adytis
912 3806 1064 3882 cortina
1084 3801 1256 3879 reclusis

186 3908 378 3988 Submissi
400 3912 578 4016 petimus
600 3930 760 4005 terram,
781 3936 822 3991 et
840 3942 921 3993 vox
940 3912 1065 3993 tertur
1084 3913 1134 3991 ad
1154 3938 1294 3991 aures:

243 4147 500 4233 Dardanidae
523 4152 630 4247 duri,
650 4179 753 4261 quae
771 4181 843 4234 vos
861 4182 884 4232 a
902 4156 1024 4265 stirpe
1043 4174 1257 4263 pareutum

185 4261 323 4345 Prima
342 4264 436 4343 tulit
456 4270 592 4381 tellus,
608 4266 749 4349 eadem
761 4292 834 4347 sos
851 4266 973 4347 ubere
992 4270 1095 4347 laeto
