3584 4522
185 475 376 582 Accipiet
395 474 570 553 reduces.
631 472 856 580 Antiquam
876 474 1074 581 exquirite
1094 492 1278 555 matrem.

187 587 274 666 Hic
295 588 438 666 domus
459 588 622 665 Aeneae
643 585 796 664 cunctis
816 584 1090 665 dominabitur
1110 588 1203 683 oris,

187 700 240 777 Et
264 703 347 778 nati
369 718 571 790 natorum,
593 716 632 773 et
654 697 723 803 qui
743 714 952 776 nascentur
972 698 1020 777 ab
1041 700 1130 778 illis.

244 924 362 1002 Haec
384 920 572 1000 Phoebus
591 950 603 1015 ς
633 922 844 1027 mixtoque
864 922 1006 1028 ingens
1027 939 1165 1001 exorta
1185 920 1364 1001 tumultu

184 1036 373 1128 Laetitia,
394 1053 434 1111 et
455 1034 606 1128 cuncti,
627 1060 727 1140 quae
747 1034 825 1112 sint
846 1059 892 1110 ea
911 1034 1084 1129 moenia,
1105 1052 1317 1141 quaerunt,

186 1148 282 1235 Quo
305 1145 493 1225 Phoebus
513 1162 632 1223 vocet
651 1163 823 1224 errantes
843 1145 1058 1252 iubeatque
1079 1148 1257 1226 reverti?

240 1373 354 1449 Tum
375 1369 548 1476 genitor,
568 1386 750 1447 veterum
769 1370 931 1448 volvens
952 1387 1213 1448 monumenta
1233 1371 1428 1465 virorum,

185 1483 354 1577 Audite,
377 1510 400 1559 0
421 1507 619 1589 proceres,
640 1482 709 1573 ait,
730 1498 769 1558 et
789 1507 874 1588 spes
894 1480 1034 1560 discite
1054 1501 1228 1562 vestras:

187 1597 307 1674 Creta
328 1593 437 1673 Iovis
458 1594 597 1700 magni
619 1593 753 1671 medio
773 1594 875 1671 iacet
894 1595 1022 1672 insula
1040 1613 1197 1701 ponto;

187 1707 314 1786 Mons
337 1706 479 1786 Idaeus
501 1706 585 1801 ubi,
607 1723 646 1782 et
668 1706 796 1812 gentis
818 1705 1013 1784 cunabula
1032 1726 1200 1785 nostrae.

186 1821 367 1898 Centum
388 1819 504 1897 urbes
525 1816 709 1896 habitant
728 1844 903 1925 magnas,
924 1819 1125 1897 uberrima
1145 1845 1296 1927 regna;

186 1932 412 2010 Maxumus
434 1931 539 2009 unde
559 1950 685 2037 pater,
705 1932 736 2008 si
757 1931 832 2008 rite
852 1929 986 2009 audita
1006 1932 1205 2026 recordor,

184 2045 368 2122 Teucrus
391 2043 594 2121 Rhoeteas
614 2044 794 2149 primum
814 2060 871 2122 est
891 2044 1077 2122 advectus
1097 2043 1146 2122 ad
1169 2069 1268 2136 oras,

186 2155 441 2263 Optavitque
460 2155 598 2232 locum
619 2180 755 2262 regno.
815 2156 1013 2233 Nondum
1035 2155 1159 2235 Ilium
1181 2174 1220 2233 et
1240 2180 1347 2233 arces

186 2268 429 2373 Pergameae
450 2283 641 2343 steterant
659 2298 669 2361 ;
700 2264 934 2346 habitabant
953 2268 1121 2346 vallibus
1142 2268 1248 2346 imis.

186 2380 303 2458 Hinc
324 2396 452 2456 mater
472 2378 620 2455 cultrix
641 2377 817 2486 Cybelae
838 2379 1163 2485 Corybantiaque
1185 2405 1273 2457 aera

185 2490 436 2597 Idaeumque
458 2487 630 2583 nemus,
661 2489 757 2568 hinc
777 2485 855 2566 fida
875 2490 1030 2567 silentia
1049 2491 1180 2585 sacris,

186 2602 241 2680 Et
262 2604 391 2680 iuncti
412 2627 577 2678 currum
599 2600 784 2679 dominae
805 2601 959 2680 subiere
979 2603 1123 2680 leones

186 2714 298 2821 Ergo
319 2715 442 2821 agite,
464 2731 517 2807 et,
539 2712 678 2790 divom
699 2712 849 2791 ducunt
870 2740 949 2821 qua
967 2715 1084 2809 iussa,
1104 2739 1349 2821 sequamur;

184 2826 394 2904 Placemus
414 2843 555 2903 ventos
576 2841 617 2902 et
638 2824 788 2904 Gnosia
808 2853 929 2934 regna
948 2845 1145 2933 petamus.

185 2938 228 3016 N
232 2965 277 3016 ec
296 2938 421 3045 longo
442 2935 591 3015 distant
612 2963 755 3033 cursu;
786 2938 908 3017 modo
930 2937 1113 3046 Iuppiter
1133 2937 1248 3032 adsit,

182 3051 325 3128 Tertia
344 3051 415 3127 lux
436 3049 600 3126 classem
622 3049 796 3128 Cretaeis
817 3052 927 3128 sistet
948 3051 990 3128 in
1012 3052 1102 3129 oris.

184 3162 250 3240 Sic
270 3159 389 3255 fatus,
411 3161 577 3240 meritos
597 3161 673 3239 aris
694 3162 886 3240 mactavit
905 3159 1090 3255 honores,

184 3276 372 3352 Taurum
393 3273 606 3380 Neptuno,
628 3291 787 3351 taurum
808 3272 897 3368 tibi,
915 3272 1084 3380 pulcher
1103 3272 1269 3380 Apoll0,

183 3384 362 3492 Nigram
383 3385 530 3463 Hiemi
550 3385 761 3491 pecudem,
775 3383 972 3493 Zephyris
992 3381 1177 3464 felicibus
1198 3385 1344 3464 albam.

242 3609 368 3686 Fama
389 3610 500 3688 volat
519 3610 680 3717 pulsum
701 3609 831 3716 regnis
852 3609 1008 3686 cessisse
1030 3607 1203 3715 paternis

184 3720 407 3799 Idomenea
428 3722 587 3816 ducem,
609 3720 839 3826 desertaque
859 3719 977 3797 litora
998 3720 1153 3814 Cretae,

185 3833 318 3911 Hoste
339 3860 478 3911 vacare
499 3832 654 3925 domos,
675 3832 862 3939 sedesque
884 3831 1033 3911 adstare
1054 3832 1225 3910 relictas.

185 3946 432 4051 Linquimus
455 3944 652 4053 Ortygiae
673 3962 825 4050 portus,
846 3943 1070 4050 pelagoque
1089 3945 1287 4037 volamus,

184 4055 511 4163 Bacchatamque
531 4057 637 4163 iugis
658 4056 806 4134 Naxon
826 4054 1078 4161 viridemque
1100 4056 1324 4163 Donysam,

185 4169 377 4263 Olearon,
399 4171 641 4274 niveamque
664 4165 791 4244 Paron
813 4192 1040 4274 sparsasque
1059 4194 1132 4274 per
1151 4193 1302 4274 aequor

185 4281 379 4390 Cycladas
400 4298 440 4357 et
460 4280 607 4359 crebris
626 4280 797 4387 legimus
817 4276 919 4356 freta
939 4280 1097 4358 concita
1119 4281 1246 4357 terris.
