1204 1485
938 265 955 282 11

343 299 361 312 ¹³«
373 296 548 316 ONTICUERE
559 303 635 321 omnes,
645 296 758 323 intentique
769 303 803 316 ora
812 296 914 317 tenebant.

345 321 360 327 ’“
382 324 432 344 Inde
442 329 487 344 toro
496 329 553 352 pater
563 325 641 344 Aeneas
652 325 679 344 sic
690 331 743 345 orsus
754 324 779 353 ab
788 324 843 345 alto:

749 353 766 385 J

275 396 277 398 -
289 397 291 401 .
337 397 339 399 -
349 396 351 398 -
411 383 526 408 Infandum,
538 384 623 410 Regina,
633 384 688 404 iubes
698 390 793 404 renovare
803 384 901 408 dolorem,

253 414 350 432 Troianas
360 411 383 432 ut
393 418 440 439 opes
450 416 470 431 et
480 412 609 432 lamentabile
618 418 704 439 regnum

253 440 349 460 Eruerint
360 440 425 460 Danai
434 448 440 464 ;
455 446 546 467 quaeque
557 440 598 467 ipse
609 440 719 460 miserrima
728 440 777 464 vidi,
943 445 954 466 5

253 468 280 488 Et
290 474 378 495 quorum
388 474 432 495 pars
442 474 515 495 magna
524 467 560 488 fui.
590 468 641 490 Quis
651 468 697 488 talia
706 467 765 488 fando

254 496 413 524 Myrmidonum
423 496 553 523 Dolopumve
563 501 597 516 aut
607 496 651 516 duri
662 496 717 516 miles
728 496 785 516 Ulixi

252 524 362 551 Temperet
373 531 384 544 a
393 524 479 544 lacrimis
488 524 495 544 ?
510 529 530 544 et
540 524 581 544 iam
591 531 631 544 nox
642 524 710 544 umida
719 524 773 544 caelo

254 552 382 579 Praecipitat,
392 552 515 579 suadentque
525 552 616 572 cadentia
626 552 688 572 sidera
698 559 782 573 somnos.

254 580 292 600 Sed
302 581 318 600 si
329 585 395 600 tantus
405 587 461 600 amor
471 587 525 600 casus
535 582 655 607 cognoscere
666 585 741 601 nostros
932 586 955 600 10

254 608 281 628 Et
292 609 379 629 breviter
388 608 462 628 Troiae
472 615 589 635 supremum
600 608 667 628 audire
677 608 772 633 laborem,

254 636 385 664 Quamquam
395 636 473 656 animus
483 637 596 656 meminisse
606 636 681 660 horret,
691 637 786 663 luctuque
796 635 877 663 refugit,

255 664 362 692 Incipiam.

392 725 460 745 Fracti
469 725 522 745 bello
532 724 618 752 fatisque
628 725 700 752 repulsi

255 753 355 773 Ductores
365 753 466 777 Danaum,
477 757 507 773 tot
517 753 557 778 iam
567 753 680 773 labentibus
690 753 751 777 annis,

256 780 321 801 Instar
331 781 406 801 montis
416 788 491 808 equum
501 781 570 800 divina
581 781 664 801 Palladis
674 786 715 801 aste
934 786 942 800 1
947 786 958 807 ς

255 808 377 832 Aedificant,
388 814 480 836 sectaque
491 809 583 828 intexunt
594 808 659 828 abiete
669 814 745 833 costas;

256 836 333 856 Votum
343 844 380 863 pro
391 837 456 856 reditu
466 836 560 856 simulant
569 844 574 860 ;
590 843 613 856 ea
622 836 675 856 fama
684 841 773 864 vagatur.

256 864 305 884 Huc
316 865 392 884 delecta
401 865 468 884 virum
478 864 543 884 sortiti
553 871 637 891 corpora
646 864 718 884 furtim

255 892 366 912 Includunt
376 899 434 912 caeco
444 892 508 916 lateri,
518 892 638 919 penitusque
648 899 739 912 cavernas

256 920 351 947 Ingentes
361 925 482 948 uterumque
492 925 569 940 armato
579 921 644 940 milite
655 921 755 948 conplent.
932 926 959 940 20

285 980 321 1000 Est
332 981 353 1000 in
363 985 472 1008 conspectu
481 980 580 1004 Tenedos,
590 981 694 1000 notissima
703 981 756 1000 sama

257 1008 330 1033 Insula,
341 1009 395 1028 dives
406 1015 475 1036 opum,
487 1009 562 1028 Priami
572 1008 622 1028 dum
632 1015 692 1036 regna
702 1008 815 1032 manebant,

257 1037 320 1056 Nunc
331 1042 410 1056 tantum
420 1037 473 1056 sinus
484 1041 504 1057 et
513 1037 572 1064 statio
582 1037 634 1057 male
644 1036 683 1057 fida
693 1036 778 1061 carinis;

257 1064 307 1084 Huc
317 1071 337 1084 se
347 1065 437 1092 provecti
447 1064 524 1084 deserto
534 1065 555 1084 in
565 1065 624 1084 litore
633 1065 728 1085 condunt.

257 1093 301 1112 Nos
311 1093 382 1112 abiisse
393 1093 429 1112 rati
440 1097 460 1112 et
470 1097 530 1112 vento
540 1093 620 1120 petiisse
631 1093 735 1120 Mycenas.
934 1098 960 1120 25

258 1121 312 1147 Ergo
323 1121 388 1140 omnis
398 1121 459 1148 longo
469 1121 528 1141 solvit
538 1127 558 1140 se
567 1121 653 1140 Teucria
663 1121 725 1140 luctu.

258 1148 374 1168 Panduntur
385 1153 454 1175 portae
463 1157 468 1172 3
484 1149 539 1168 iuvat
548 1149 577 1168 ire
587 1153 607 1168 et
618 1149 693 1168 Dorica
702 1154 764 1168 castra

258 1177 393 1203 Desertosque
403 1176 470 1196 videre
480 1177 533 1196 locos
543 1177 630 1203 litusque
641 1177 738 1196 relictum.

258 1204 301 1224 Hic
313 1205 418 1231 Dolopum
428 1211 505 1228 manus,
516 1205 550 1224 hic
561 1211 629 1224 saevus
639 1204 732 1224 tendebat
743 1204 848 1229 Achilles3

258 1232 357 1253 Classibus
368 1232 402 1252 hic
413 1232 468 1252 locus
477 1240 482 1257 3
498 1232 532 1252 hic
542 1233 584 1252 acie
594 1237 669 1252 certare
679 1232 773 1253 solebant.
935 1239 963 1260 30
