3584 4522
190 479 281 558 Nec
302 480 437 561 dulces
457 500 585 577 natos,
606 481 773 561 Veneris
792 509 866 561 nec
885 481 1060 590 praemia
1080 484 1292 585 norisl2

190 589 295 669 Id
259 618 438 673 cinerem
458 613 527 673 aut
549 593 695 673 Manes
714 594 840 674 credis
860 622 996 674 curare
1015 597 1285 703 sepultos?

188 701 288 782 Esto
291 733 484 813 ,aegram
504 706 605 783 nulli
625 706 828 812 quondam
847 704 990 785 flexere
1008 709 1157 804 mariti,

189 814 289 895 Non
311 818 478 928 Libyae,
500 843 582 895 non
603 838 694 896 ante
714 820 856 928 Tyro;
888 817 1091 925 despectus
1112 818 1246 899 Iarbas
1299 882 1302 887 .

189 927 469 1037 Ductoresque
490 930 573 1023 alii,
596 956 695 1037 quos
715 929 854 1009 Africa
874 949 979 1007 terra
999 931 1213 1059 triumphis

188 1039 315 1121 Dives
335 1044 432 1120 alit:
463 1042 665 1149 placitone
684 1044 806 1122 etiam
825 1041 1022 1148 pugnabis
1041 1044 1166 1121 amori
1186 1046 1199 1122 l

186 1153 277 1232 Nec
298 1154 411 1231 venit
431 1153 473 1230 in
495 1171 688 1251 mentem,
710 1180 881 1262 quorum
901 1153 1120 1233 consederis
1139 1155 1270 1234 arvis?

187 1264 303 1344 Hinc
326 1265 527 1344 Gaetulae
549 1267 678 1362 urbes,
701 1292 824 1372 genus
845 1265 1107 1373 insuperabile
1128 1265 1245 1360 bello,

185 1376 240 1455 Et
261 1377 469 1455 Numidae
490 1374 637 1456 infreni
659 1378 827 1483 cingunt
849 1397 888 1456 et
909 1378 1107 1485 inhospita
1128 1378 1250 1487 Syrtis
1271 1406 1282 1471 ;

186 1488 302 1567 Hinc
323 1489 477 1567 deserta
496 1490 562 1567 siti
584 1490 711 1595 regio,
731 1491 889 1598 lateque
908 1488 1081 1569 furentes

185 1602 361 1679 Barcaei.
424 1601 537 1686 Quid
558 1600 659 1679 bella
679 1602 790 1710 Tyro
810 1603 1011 1708 surgentia
1030 1602 1176 1698 dicam,

186 1712 462 1820 Germanique
482 1714 641 1792 minas?

186 1824 262 1903 Dis
283 1825 473 1932 equidem
494 1826 720 1933 auspicibus
741 1853 829 1903 reor
850 1845 888 1904 et
910 1823 1063 1904 Iunone
1083 1824 1252 1904 secunda

186 1936 314 2014 Hunc
335 1964 498 2016 cursum
519 1936 658 2016 Iliacas
678 1957 799 2016 vento
820 1939 988 2016 tenuisse
1008 1939 1167 2016 carinas.

187 2050 322 2134 Quam
344 2068 388 2127 tu
409 2049 567 2145 urbem,
587 2076 710 2144 soror,
731 2049 835 2128 hanc
855 2076 1000 2144 cernes,
1022 2076 1122 2157 quae
1141 2074 1301 2155 surgere
1322 2074 1443 2154 regna

187 2162 392 2266 Coniugio
414 2162 512 2240 tali!
545 2162 751 2239 Teucrum
773 2161 1056 2241 comitantibus
1075 2162 1212 2252 armis,

187 2272 339 2350 Punica
359 2299 398 2350 se
420 2274 580 2379 quantis
600 2274 754 2351 attollet
774 2273 900 2380 gloria
919 2273 1060 2353 rebus!

184 2385 251 2461 Tu
272 2383 396 2461 modo
416 2411 535 2492 posce
556 2383 649 2462 deos
669 2386 842 2512 veniam,
862 2386 1056 2492 sacrisque
1075 2385 1198 2465 litatis

186 2495 358 2602 Indulge
378 2495 571 2603 hospiti0‚
594 2522 805 2602 causasque
825 2497 982 2575 innecte
1001 2496 1196 2590 morandi,

189 2608 305 2686 Dum
325 2608 470 2715 pelago
492 2607 668 2686 desaevit
689 2606 846 2715 hiemps
867 2627 905 2685 et
925 2634 1093 2715 aquosus
1114 2605 1255 2703 Orion,

189 2719 491 2825 Quassataeque
512 2739 626 2815 rates,
648 2718 747 2797 dum
766 2747 845 2797 non
866 2719 1071 2826 tractabile
1091 2721 1258 2798 caelum.

245 3054 325 3132 His
346 3053 496 3132 dictis
485 3081 694 3132 incensum
714 3055 894 3157 animum
916 3054 1134 3133 flam-mavit
1152 3060 1300 3153 amore,

188 3166 391 3279 Spemque
413 3164 525 3243 dedit
546 3166 691 3245 dubiae
711 3167 837 3244 menti
840 3167 1068 3273 ‚solvitque
1088 3166 1300 3280 pudorem

187 3274 397 3383 Principio
419 3276 586 3382 delubra
607 3279 769 3381 adeunt,
790 3305 1008 3385 pacemque
1028 3305 1098 3385 per
1117 3303 1215 3375 aras
1328 3289 1332 3297 '

185 3389 451 3497 Exquirunt3
484 3408 662 3469 mactant
681 3391 800 3469 lectas
819 3389 868 3468 de
888 3416 998 3468 more
1020 3366 1207 3489 bidentes

189 3497 402 3607 Legiferae
424 3502 564 3589 Cereri
558 3490 832 3630 Phoeboque
852 3504 1037 3610 patrique
1058 3482 1205 3629 Lyaeo,

186 3612 337 3691 Iunoni
363 3631 454 3690 ante
476 3614 629 3708 omnes,
652 3641 717 3693 cur
708 3614 869 3692 vincla
889 3615 1036 3720 iugalia
1056 3624 1185 3693 curae.

182 3724 288 3832 Ipsa,
309 3744 446 3802 tenens
466 3725 607 3805 dextra
625 3745 816 3834 pateram,
836 3725 1106 3833 pulcherrima
1122 3725 1231 3833 Dido

186 3836 406 3916 Candentis
428 3864 574 3916 vaccae
595 3837 760 3915 media
749 3857 853 3916 1nter
874 3854 1020 3916 cornua
1039 3834 1200 3929 fundit,-

184 3950 284 4028 Aut
289 3943 384 4025 ante
404 3976 472 4037 ora
493 3948 616 4027 deum
637 3950 806 4055 pingues
826 3933 1019 4054 spatiatur
1039 3948 1086 4025 ad
1107 3973 1202 4041 aras,

186 4060 470 4165 Instauratque
491 4060 602 4157 diem
623 4061 751 4153 donis,
772 4059 1053 4186 pecudumque
1075 4059 1232 4153 reclusis

183 4172 418 4250 Pectoribus
439 4171 598 4250 inhians
618 4171 805 4278 spirantia
826 4170 996 4280 consulit
1016 4187 1117 4251 exta
1176 4190 1182 4198 ·
1206 4172 1212 4182 “

183 4285 282 4363 Heu
302 4302 444 4362 vatum
464 4283 626 4389 ignarae
648 4282 829 4362 mentes!
863 4263 960 4430 quid
981 4299 1075 4359 vota
1078 4279 1306 4376 furentem,
