3584 4522
185 421 413 504 Mutandae
433 424 553 504 sedes.
614 422 658 502 N
661 450 713 502 on
732 423 832 503 haec
852 423 928 503 tibi
947 425 1065 505 litora
1084 425 1203 506 suasit

183 533 326 615 Delius
347 559 415 617 aut
436 538 577 615 Cretae
597 536 710 615 iussit
732 536 936 617 considere
955 538 1117 645 Apollo.

183 646 256 726 Est
276 647 401 743 locus,
423 648 665 757 Hesperiam
688 649 803 728 Graii
823 652 1066 755 cognomine
1085 651 1237 746 dicunt,

183 760 310 839 Terra
331 761 509 866 antiqua,
530 779 670 868 potens
691 762 809 841 armis
831 779 950 867 atque
971 761 1090 841 ubere
1110 763 1297 869 glaebae3

186 869 358 951 Oenotri
381 872 537 950 coluere
557 873 663 969 viri;
694 901 800 952 nunc
820 871 926 951 fama
946 874 1119 954 minores

185 982 348 1062 Italiam
370 983 515 1062 dixisse
536 984 648 1064 ducis
668 984 717 1064 de
738 987 901 1064 nomine
922 1003 1110 1090 gentem:

186 1095 280 1173 Hae
300 1095 417 1174 nobis
436 1098 621 1204 propriae
640 1098 747 1176 sedes
769 1129 779 1193 ;
810 1095 906 1174 hinc
927 1096 1134 1176 Dardanus
1153 1116 1275 1194 ortus,

185 1206 392 1313 Iasiusque
412 1226 537 1315 pater,
558 1235 682 1314 genus
702 1236 723 1286 a
745 1234 826 1316 quo
847 1208 1031 1315 principe
1051 1227 1242 1289 nostrum.

187 1318 313 1424 Surge
334 1346 421 1425 age,
442 1339 482 1397 et
502 1318 602 1398 haec
621 1321 744 1398 laetus
764 1321 959 1428 longaevo
980 1322 1086 1401 dicta
1105 1321 1259 1430 pa'renti

186 1429 313 1508 Haud
335 1430 555 1509 dubitanda
575 1429 702 1511 refer:
736 1432 966 1541 Corythum
986 1453 1184 1540 terrasque
1213 1437 1388 1544 requirat

186 1543 398 1621 Ausonias.
460 1543 631 1622 Dictaea
650 1562 770 1651 negat
791 1545 866 1624 tibi
888 1544 1072 1653 Iuppiter
1090 1573 1192 1627 arva.

243 1767 413 1847 Talibus
434 1769 625 1848 attonitus
645 1769 737 1848 visis
759 1786 798 1847 et
817 1795 917 1847 voce
938 1769 1160 1847 deorum—

186 1878 230 1956 N
233 1904 278 1955 ec
299 1905 418 1987 sopor
437 1881 539 1959 illud
559 1899 656 1977 erat,
677 1880 743 1961 sed
763 1907 899 1960 coram
920 1880 1156 1987 adgnoscere
1176 1883 1306 1962 voltus

186 1989 428 2098 Velatasque
449 2020 582 2071 comas
601 1994 901 2102 praesentiaque
922 2021 989 2073 ora
1009 1994 1174 2073 videbar
1194 2027 1204 2091 ;

186 2103 299 2181 Tum
321 2104 474 2210 gelidus
496 2123 583 2182 toto
605 2104 790 2183 manabat
811 2132 977 2213 corpore
998 2107 1171 2185 sudor—

188 2216 377 2323 Corripio
399 2242 421 2293 e
440 2218 570 2295 stratis
590 2243 746 2324 corpus,
767 2218 967 2325 tendoque
987 2220 1143 2326 supinas

186 2326 254 2405 Ad
275 2328 433 2405 caelum
454 2354 549 2406 cum
568 2355 666 2407 voce
687 2355 840 2423 manus,
861 2348 901 2407 et
921 2356 1084 2408 munera
1112 2331 1195 2410 libo

188 2437 434 2517 Intemerata
453 2436 564 2518 focis.
631 2438 813 2518 Perfecto
834 2441 960 2519 laetus
979 2441 1130 2520 honore

188 2551 396 2629 Anchisen
417 2548 523 2629 facio
544 2571 714 2648 certum,
736 2578 902 2658 remque
923 2553 1062 2632 ordine
1080 2552 1226 2660 pando,

187 2662 404 2768 Adgnovit
424 2665 581 2770 prolem
601 2663 837 2769 ambiguam
858 2664 1118 2771 geminosque
1138 2682 1331 2773 parentes,

188 2773 320 2880 Seque
341 2802 447 2853 novo
468 2794 651 2854 veterum
673 2775 888 2881 deceptum
908 2802 1038 2855 errore
1057 2778 1250 2856 locorum.

191 2887 302 2963 Tum
323 2905 550 2966 memorat:
580 2888 702 2983 Nate,
724 2885 857 2965 Iliacis
877 2889 1049 2967 exercite
1069 2886 1172 2985 fatis,

189 2996 280 3074 Sola
298 2996 404 3076 mihi
425 3001 521 3077 tales
541 3025 649 3078 casus
672 2998 887 3078 Cassandra
902 3000 1079 3080 canebat.

189 3109 233 3187 N
237 3135 317 3187 unc
336 3129 476 3219 repeto
497 3110 596 3189 haec
617 3111 754 3217 generi
775 3111 1015 3217 portendere
1035 3111 1168 3192 debita
1187 3130 1335 3208 nostru,

187 3221 243 3299 Et
264 3247 380 3329 saepe
401 3222 658 3329 Hesperiam,
678 3249 792 3330 saepe
812 3223 915 3302 Itala
934 3250 1055 3330 regna
1073 3251 1226 3304 vocare.

191 3332 269 3412 Sed
290 3335 381 3441 quis
401 3334 450 3413 ad
472 3334 693 3442 Hesperiae
712 3352 899 3414 venturos
919 3334 1037 3415 litora
1055 3338 1232 3416 Teucros

193 3445 411 3525 Crederet?
443 3464 512 3523 aut
533 3473 655 3553 quem
675 3464 763 3525 tum
783 3465 891 3526 vates
912 3448 1126 3528 Cassandra
1146 3449 1359 3528 moveret?

192 3555 395 3636 Cedamus
418 3558 596 3655 Phoebo,
618 3576 658 3637 et
677 3559 824 3638 moniti
844 3561 1011 3640 meliora
1031 3587 1256 3669 sequamur.

192 3669 259 3746 Sic
281 3669 336 3746 ait
358 3700 368 3763 ;
401 3687 441 3747 et
462 3671 600 3749 cuncti
621 3670 731 3750 dicto
752 3698 938 3779 paremus
959 3690 1131 3751 ovantes.

195 3780 316 3859 Hanc
338 3808 501 3887 quoque
522 3781 737 3861 deserimus
758 3783 906 3877 sedem,
927 3785 1142 3892 paucisque
1163 3784 1310 3864 relictis

192 3891 295 3969 Vela
315 3892 469 3988 damus,
491 3913 726 4002 vastumque
747 3921 842 3972 cava
862 3894 973 3974 trabe
994 3896 1190 3974 currimus
1209 3923 1368 4005 aequor.

252 4115 473 4223 Postquam
494 4116 622 4195 altum
642 4136 804 4196 tenuere
825 4135 941 4212 rates,
961 4143 1033 4197 nec
1054 4120 1134 4198 iam
1155 4121 1325 4230 amplius
1344 4123 1446 4201 ullae

192 4226 403 4335 Adparent
423 4246 562 4325 terrae,
583 4230 735 4309 caelum
756 4230 938 4406 undiquq
955 4248 994 4308 et
1015 4232 1190 4341 undique
1209 4254 1368 4343 pontus,

861 4368 875 4406 ῐ
890 4367 904 4406 l
