3584 4522
186 470 270 549 Dat
291 474 445 552 clarum
466 501 487 551 e
506 473 634 581 puppi
656 474 846 581 signum;
878 500 949 553 nos
971 491 1095 553 castra
1113 499 1338 569 movemus,

184 584 532 693 Temptamusque
551 587 661 664 viam
680 605 720 664 et
739 588 922 665 velorum
941 587 1153 694 pandimus
1173 586 1262 664 alas.

184 803 411 917 stvIamque
433 807 664 887 rubescebat
683 810 803 888 stellis
822 807 980 886 Aurora
999 807 1158 918 fugatis,

187 921 296 998 Cum
316 920 457 1029 procul
478 920 663 1000 obscuros
684 923 801 1000 colles
820 919 1097 1028 humilemque
1117 921 1300 1001 videmus

189 1032 360 1111 Italiam
422 1032 579 1110 Italiam
600 1035 754 1140 primus
775 1035 997 1111 conclamat
1017 1034 1206 1128 Achates,

188 1144 348 1222 Italiam
368 1145 471 1221 laeto
491 1146 588 1223 socii
610 1148 781 1224 clamore
801 1146 982 1223 salutant.

185 1257 297 1333 Tum
318 1275 430 1362 pater
450 1257 645 1335 Anchises
665 1283 859 1362 magnum
880 1275 1029 1334 cratera
1049 1282 1194 1335 corona

189 1367 328 1446 Induit
349 1369 599 1474 inplevitque
620 1396 744 1464 mero,
766 1369 960 1475 divosque
980 1369 1139 1447 vocavit

187 1479 300 1558 Stans
321 1482 421 1558 celsa
441 1482 484 1559 in
504 1482 660 1588 puppi:

189 1591 246 1670 Di
266 1594 385 1670 maris
406 1612 445 1670 et
467 1611 590 1669 terrae
612 1610 974 1698 tempestatumque
994 1611 1188 1699 potentes,

188 1703 305 1782 Ferte
326 1706 434 1782 viam
454 1724 574 1782 vento
594 1701 754 1783 facilem
775 1723 814 1782 et
833 1706 977 1811 spirate
998 1705 1170 1783 secundi.

246 1928 512 2006 Crebrescunt
528 1946 685 2035 optatae
706 1954 835 2023 aurae,
855 1945 1073 2035 portusque
1093 1927 1261 2036 patescit

188 2038 276 2116 Iam
296 2041 473 2147 propior,
496 2042 773 2146 templumque
794 2040 955 2148 adparet
975 2042 1018 2119 in
1038 2067 1126 2119 arce
1149 2039 1376 2118 Minervae.

189 2151 290 2228 Vela
309 2153 449 2258 legunt
470 2152 580 2245 socii,
604 2170 643 2228 et
663 2178 798 2259 proras
819 2152 868 2229 ad
887 2154 1004 2230 litora
1026 2170 1225 2259 torquent.

190 2262 334 2341 Portus
356 2263 404 2341 ab
427 2264 563 2341 Euroo
585 2260 708 2341 fluctu
729 2282 914 2341 curvatus
934 2266 977 2342 in
999 2291 1163 2358 arcum;

189 2373 383 2453 Obiectae
405 2376 501 2453 salsa
521 2393 708 2482 spumant
728 2375 963 2482 adspargine
984 2395 1116 2455 cautes
1135 2408 1144 2470 ;

191 2484 282 2591 Ipse
301 2487 425 2563 latet·
416 2488 621 2593 ,gemino
642 2487 860 2565 demittunt
880 2486 1066 2565 bracchia
1085 2514 1200 2564 muro

188 2599 346 2675 Turriti
368 2598 537 2705 scopuli,
559 2596 786 2704 refugitque
806 2597 855 2677 ab
875 2600 993 2676 litore
1015 2600 1223 2725 templum.

192 2708 396 2792 Quattuor
415 2709 497 2804 hic,
518 2710 697 2816 primum
718 2736 850 2804 omen,
872 2736 994 2816 equos
1014 2711 1055 2786 in
1077 2710 1257 2816 gramine
1276 2708 1360 2787 vidi

190 2821 424 2901 Tondentes
445 2848 634 2927 campum
655 2823 745 2915 late,
766 2821 936 2900 candore
955 2822 1091 2903 nivali.

192 2932 246 3010 Et
267 2953 378 3038 pater
399 2932 623 3011 Anchises:
656 2934 826 3028 Bellum,
848 2961 872 3011 0
893 2952 996 3010 terra
1016 2933 1186 3040 hospita,
1205 2950 1369 3060 portas;

195 3044 307 3122 Bello
324 3064 528 3123 armantur
548 3045 653 3151 equi,
675 2995 826 3123 belluni
841 3044 940 3122 haec
960 3065 1139 3123 armenta
1158 3045 1378 3126 minantur.

195 3155 270 3234 Sed
293 3175 426 3234 tamen
447 3157 558 3234 idem
578 3157 676 3233 olim
696 3183 814 3235 curru
834 3156 1045 3235 succedere
1065 3158 1167 3235 sueti

196 3267 498 3373 Quadrupedes,
520 3285 559 3345 et
577 3264 687 3345 frena
707 3269 804 3374 iugo
825 3267 1040 3347 concordia
1059 3266 1161 3346 ferre
1178 3295 1188 3344 τ

197 3378 293 3483 Spes
318 3399 358 3457 et
378 3380 501 3487 pacis,
518 3379 584 3458 ait.
645 3382 756 3458 Tum
777 3380 947 3458 numina
966 3398 1100 3459 sancta
1119 3405 1331 3487 precamur

200 3490 368 3569 Palladis
388 3493 621 3586 armisonae,
643 3518 743 3597 quae
763 3494 895 3599 prima
915 3495 1071 3600 accepit
1092 3510 1265 3585 ovanteS,

196 3602 250 3680 Et
271 3604 402 3710 capita
423 3621 514 3681 ante
534 3629 618 3682 aras
639 3604 819 3711 Phrygio
839 3605 1019 3682 velamur
1039 3604 1190 3681 amictu
1209 3635 1219 3698 ;

197 3713 504 3822 Praeceptisque
526 3715 692 3810 Heleni,
713 3716 875 3794 dederat
896 3742 998 3822 quae
1018 3741 1219 3809 maxuma,
1241 3715 1318 3792 rite

193 3824 341 3904 Iunoni
362 3827 540 3932 Argivae
558 3829 681 3905 iussos
700 3827 901 3905 adolemus
921 3825 1102 3903 honores.

252 4048 376 4126 Haud
397 4075 522 4142 mora,
545 4049 736 4127 continuo
758 4046 944 4155 perfectis
966 4047 1105 4126 ordine
1124 4050 1228 4127 votis

194 4163 354 4240 Cornua
374 4161 595 4239 velatarum
615 4161 862 4239 obvertimus
883 4178 1162 4255 antennarum,

192 4273 555 4380 Graiugenumque
576 4274 715 4352 domos
735 4289 996 4378 suspectaque
1016 4273 1244 4378 linquimus
1265 4300 1369 4353 arva.

856 4409 869 4446 r
883 4382 929 4446 05³
