3584 4522
186 457 302 543 Quae
323 461 435 567 regio
456 457 498 538 in
520 456 635 537 terris
656 456 779 536 nostri
799 482 879 535 non
899 456 1017 564 plena
1035 455 1210 536 laboris?

184 569 249 647 En
272 572 469 651 Priamus.
530 569 631 649 Sunt
652 568 722 649 hic
742 568 865 648 etiam
884 594 952 647 sua
970 569 1147 676 praemia
1166 567 1276 648 laudi
1296 598 1307 663 ;

186 681 285 763 Sunt
304 683 494 763 lacrimae
514 707 650 761 rerum
669 698 710 760 et
730 697 908 759 mentem
927 682 1108 759 mortalia
1128 698 1311 788 tangunt.

185 795 300 874 Solve
319 812 452 874 metus
472 825 483 890 ;
510 790 1026 913 feretltaecahquamdbi
1042 788 1343 908 fanmsalutem.

241 1019 307 1096 Sic
329 1018 396 1111 ait,
419 1034 539 1124 atque
560 1018 743 1096 animum
762 1016 921 1123 pictura
939 1016 1065 1122 pascit
1085 1015 1207 1110 inani,

99 1135 103 1142 ’
184 1130 323 1208 Multa
344 1155 520 1236 gemens,
540 1129 732 1235 largoque
752 1145 926 1207 umectat
945 1125 1110 1207 flumine
1128 1128 1298 1207 voltum.

186 1242 379 1348 Namque
399 1240 574 1337 videbat,
597 1241 657 1319 uti
678 1238 863 1319 bellantes
886 1240 1075 1347 Pergama
1094 1240 1247 1319 circum

184 1352 279 1432 Hac
300 1352 484 1459 fugerent
505 1352 635 1450 Graii,
654 1370 853 1461 premeret
872 1353 1045 1430 Troiana
1064 1352 1259 1448 iuventus,

185 1467 279 1545 Hac
302 1465 496 1574 Phryges,
517 1467 681 1545 instaret
702 1492 818 1543 curru
838 1465 1018 1543 cristatus
1037 1462 1227 1542 Achilles.

186 1579 277 1657 Nec
299 1581 441 1684 procul
462 1576 559 1657 hinc
581 1578 706 1656 Rhesi
727 1576 851 1655 niveis
872 1578 1041 1656 tentoria
1061 1577 1156 1655 velis

185 1691 417 1796 Adgnoscit
436 1689 660 1784 lacrimans,
681 1689 813 1795 primo
834 1715 934 1795 quae
954 1688 1110 1795 prodita
1129 1714 1269 1767 somno

184 1802 365 1911 Tydides
385 1801 514 1879 multa
533 1800 712 1880 vastabat
731 1798 849 1877 caede
868 1819 1064 1894 cruentus,

185 1914 468 2021 Ardentesque
487 1914 632 1991 avertit
652 1937 773 2019 equos
792 1912 834 1989 in
856 1930 993 2004 castra,
1013 1912 1122 2018 prius
1141 1937 1265 2017 quam

187 2024 337 2106 Pabula
358 2042 577 2129 gustassent
594 2024 742 2103 Troiae
762 2021 1050 2130 Xanthumque
1069 2021 1272 2102 bibissent.

188 2140 306 2218 Parte
326 2137 402 2213 alia
420 2134 577 2243 fugiens
597 2136 748 2215 amissis
766 2135 926 2215 Troilus
950 2137 1081 2230 armis,

185 2247 334 2329 infelix
355 2274 456 2353 puer
475 2265 596 2355 atque
616 2248 732 2355 inpar
751 2272 977 2353 congressus
997 2245 1165 2342 Achilli,
1497 2271 1577 2356 475

186 2363 330 2441 Fertur
350 2359 476 2467 equis,
497 2385 697 2467 curruque
717 2358 851 2438 haeret
871 2358 1076 2465 resupinus
1095 2359 1217 2453 inani,

187 2474 294 2552 Lora
313 2490 452 2549 tenens
472 2488 605 2549 tamen
624 2502 635 2565 ;
666 2469 764 2548 huic
783 2472 997 2577 cervixque
1017 2496 1235 2577 comaeque
1255 2470 1468 2550 trahuntur

187 2585 264 2663 Per
286 2601 446 2678 terram,
468 2601 507 2661 et
525 2608 637 2661 versa
657 2582 786 2689 pulvis
806 2581 1035 2661 inscribitur
1053 2580 1174 2661 hasta.

186 2696 346 2776 Interea
366 2692 415 2771 ad
436 2694 636 2802 templum
650 2720 731 2772 non
747 2720 894 2800 aequae
915 2693 1079 2772 Palladis
1099 2692 1210 2772 ibant

188 2806 379 2888 Crinibus
403 2805 545 2885 Iliades
564 2807 683 2913 passis
702 2805 946 2914 peplumque
966 2802 1155 2900 ferebant,
1496 2804 1578 2910 480

188 2919 447 3026 Suppliciter,
469 2918 598 2997 tristes
618 2935 659 2996 et
679 2936 814 2995 tunsae
834 2935 994 3024 pectora
1012 2917 1153 3025 palmis
1171 2949 1182 3014 ;

187 3032 297 3111 Diva
317 3030 400 3110 solo
420 3026 521 3108 fixos
534 3029 678 3109 ’oculos
697 3055 827 3108 aversa
847 3027 1016 3108 tenebat.

184 3144 268 3222 Ter
289 3143 445 3222 circum
465 3140 605 3221 Iliacos
625 3159 844 3248 raptaverat
862 3141 1046 3220 Hectora
1063 3167 1210 3237 muros,

187 3255 517 3361 Exanimumque
536 3280 633 3332 auro
653 3279 795 3360 corpus
814 3251 1007 3332 vendebat
1026 3251 1218 3332 Achilles.
1269 3297 1271 3302 ·

186 3369 298 3447 Tum
317 3392 414 3444 vero
433 3366 642 3472 ingentem
661 3365 860 3472 gemitum
880 3363 947 3443 dat
965 3382 1123 3474 pectore
1143 3365 1192 3445 ab
1212 3366 1310 3460 imo,
1498 3366 1551 3472 48
1558 3390 1579 3473 ς

189 3479 249 3557 Ut
270 3477 409 3585 spolia,
430 3494 476 3556 ut
496 3503 646 3573 currus,
667 3496 791 3583 utque
810 3478 943 3585 ipsum
962 3502 1104 3583 corpus
1124 3477 1258 3573 amici,
1292 3507 1305 3573 a

186 3589 522 3697 Tendentemque
542 3615 682 3669 manus
704 3589 909 3667 Priamum
929 3590 1135 3695 conspexit
1153 3590 1336 3668 inermes.

188 3702 237 3780 Se
258 3727 422 3807 quoque
442 3701 695 3810 principibus
715 3703 961 3806 permixtum
980 3700 1171 3806 adgnovit
1190 3699 1375 3800 Achivis,

60 3839 62 3844 ·
189 3814 374 3919 ansque
395 3814 496 3893 acies
512 3832 552 3893 et
572 3814 680 3919 nigri
701 3812 934 3892 Memnonis
954 3839 1073 3891 arma.

189 3925 319 4004 Ducit
340 3924 643 4003 Amazonidum
663 3925 809 4002 lunatis
829 3924 990 4030 agmina
1007 3923 1121 4029 peltis
1500 3951 1581 4032 490

187 4035 444 4116 Penthesilea
464 4033 608 4129 furens,
629 4035 851 4142 mediisque
870 4037 913 4114 in
933 4035 1094 4114 milibus
1113 4034 1236 4134 ardet,

186 4153 325 4229 Aurea
344 4145 579 4226 subnectens
599 4164 772 4225 exsertae
792 4147 951 4251 cingula
971 4172 1180 4242 mammae,

187 4261 394 4356 Bellatrix,
416 4259 613 4366 audetque
633 4259 728 4337 viris
748 4285 978 4337 concurrere
998 4258 1124 4366 virg0.
