3584 4522
110 397 114 403 “
241 405 329 484 Vix
349 435 371 486 e
390 423 609 514 conspectu
629 406 783 485 Siculae
803 405 951 486 telluris
971 405 1013 484 in
1032 406 1159 485 altum

184 516 288 598 Vela
306 519 457 600 dabant
474 520 584 612 laeti,
605 538 644 598 et
665 543 823 626 spumas
842 518 929 596 salis
948 545 1036 597 aere
1056 517 1235 614 ruebant,

187 630 299 710 Cum
319 633 438 726 Iun0,
459 652 666 709 aeternum
687 656 843 709 servans
862 630 935 711 sub
954 648 1115 738 pectore
1134 632 1289 727 volnus,

188 742 306 824 Haec
326 769 492 824 secum:
524 741 653 821 Mene
673 743 836 850 incepto
854 741 1040 822 desistere
1057 742 1224 838 victam,

186 856 230 933 N
234 883 280 935 ec
299 882 412 964 posse
434 854 551 933 Italia
569 856 822 934 Teucrorum
841 873 1017 933 avertere
1038 857 1204 961 regem?

186 966 355 1076 Quippe
369 985 486 1046 vetor
505 962 608 1045 fatis.
668 966 845 1045 Pallasne
865 992 1028 1045 exurere
1048 967 1210 1045 classem
1300 1000 1306 1031 τ

184 1079 391 1186 Argivom
411 1097 532 1186 atque
548 1079 653 1185 ipsos
673 1079 807 1184 potuit
827 1077 1080 1184 submergere
1100 1097 1238 1185 ponto,

187 1190 321 1270 Unius
342 1194 395 1270 ob
415 1217 578 1284 noxam,
600 1208 639 1269 et
658 1187 780 1269 furias
800 1190 936 1269 Aiacis
957 1189 1098 1270 Oilei?

186 1300 292 1408 Ipsa,
315 1303 424 1383 Iovis
446 1303 632 1410 rapidum
651 1302 821 1382 iaculata
840 1329 861 1381 e
880 1301 1085 1382 nubibus
1073 1328 1225 1410 ignem,

187 1414 445 1523 Disiecitque
466 1435 567 1495 rates
587 1417 811 1522 evertitque
832 1441 1003 1522 aequora
1021 1416 1162 1510 ventis,

186 1525 315 1606 Illum
336 1530 605 1635 exspirantem
627 1523 818 1605 transfixo
839 1546 999 1634 pectore
1019 1526 1196 1605 flammas

184 1640 371 1719 Turbine
391 1640 588 1747 corripuit
609 1641 855 1746 scopuloque
874 1635 1008 1717 infixit
1030 1657 1147 1717 acuto
1165 1671 1176 1735 ;

183 1751 263 1830 Ast
284 1777 374 1858 ego,
396 1780 498 1860 quae
519 1751 657 1829 divom
678 1750 820 1830 incedo
842 1753 989 1856 regina,
1011 1750 1198 1858 Iovisque

173 1861 239 1940 vEt
260 1890 371 1942 soror
391 1883 431 1943 et
451 1864 644 1958 coniunx,
665 1888 744 1939 una
764 1880 992 1969 cumgente
1013 1880 1074 1940 tot
1094 1888 1215 1940 annos

85 2009 89 2018 ·
185 1973 296 2053 Bella
315 2001 426 2082 gero.
484 1975 541 2053 Et
561 1973 779 2081 quisquam
798 2001 947 2053 numen
970 1973 1135 2062 Iunonis
1155 1972 1292 2052 adorat

185 2085 407 2183 Praeterea,
429 2105 498 2165 aut
518 2087 687 2193 supplex
707 2086 781 2167 aris
801 2087 977 2193 imponit
998 2086 1222 2165 honorem?

241 2312 361 2391 Talia
382 2307 587 2389 flammato
608 2336 745 2389 secum
765 2307 839 2388 dea
858 2310 977 2388 corde
996 2311 1177 2388 volutans

184 2424 228 2503 N
231 2422 441 2501 imborum
460 2423 504 2499 in
526 2423 708 2530 patriam,
728 2422 816 2500 loca
836 2419 915 2500 feta
933 2417 1156 2499 furentibus
1174 2421 1327 2516 austris,

182 2537 374 2616 Aeoliam
394 2534 519 2612 venit.
579 2533 665 2612 Hic
686 2552 796 2612 vasto
817 2560 886 2611 rex
905 2534 1055 2612 Aeolus
1075 2551 1188 2611 antro

185 2648 406 2726 Luctantes
425 2664 567 2724 ventos
588 2664 921 2752 tempestatesque
941 2671 1099 2724 sonoras

185 2758 369 2866 Imperio
392 2757 543 2865 premit
558 2782 604 2835 ac
622 2758 765 2836 vinclis
786 2775 825 2835 et
842 2783 996 2835 carcere
1014 2753 1155 2835 frenat.

186 2870 254 2949 Illi
274 2870 531 2977 indignantes
552 2895 698 2977 magno
720 2895 814 2947 cum
834 2895 1039 2947 murmure
1059 2869 1207 2947 montis

188 2985 359 3064 Circum
379 2983 551 3061 claustra
570 2978 779 3076 fremunt3
809 2982 910 3060 celsa
928 2982 1036 3060 sedet
1054 2981 1204 3060 Aeolus
1223 3005 1313 3057 arce

187 3097 353 3203 Sceptra
373 3113 527 3221 tenens,
546 3093 757 3200 mollitque
776 3093 930 3171 animos
950 3111 990 3171 et
1009 3110 1204 3199 temperat
1223 3093 1331 3170 iras·
1320 3153 1332 3188 ,

189 3208 250 3285 Ni
270 3203 406 3301 faciat,
427 3206 554 3284 maria
573 3231 619 3282 ac
639 3223 760 3283 terras
780 3206 1015 3311 caelumque
1034 3200 1281 3312 profundum

189 3319 358 3426 Quippe
377 3315 507 3397 ferant
527 3316 656 3423 rapidi
672 3342 808 3395 secum
826 3335 1064 3424 verrantque
1083 3342 1155 3423 per
1174 3343 1299 3396 auras.

191 3431 269 3511 Sed
290 3447 406 3538 pater
425 3428 681 3535 omnipotens
701 3428 898 3535 speluncis
917 3427 1072 3533 abdidit
1091 3428 1198 3524 atris,

192 3544 292 3622 Hoc
311 3561 510 3636 metuens,
530 3541 760 3647 molemque
780 3557 820 3618 et
840 3558 995 3619 montes
1015 3540 1177 3647 insuper
1196 3541 1294 3620 altos

190 3654 409 3761 Imposuit,
430 3679 647 3760 regemque
666 3650 789 3747 dedit,
812 3653 882 3759 qui
900 3649 1057 3731 foedere
1077 3671 1186 3731 certo
1284 3733 1301 3740 ,.

191 3767 246 3845 Et
266 3792 448 3873 premere
468 3784 509 3844 et
527 3766 634 3843 laxas
653 3765 771 3842 sciret
791 3763 883 3841 dare
901 3764 1025 3842 iussus
1044 3761 1227 3842 habenas.
1308 3786 1310 3791 ·

188 3877 258 3958 Ad
279 3904 403 3985 quem
423 3896 514 3956 tum
534 3875 638 3955 Iuno
658 3875 827 3982 supplex
848 3874 909 3953 his
928 3874 1094 3953 vocibus
1114 3902 1182 3954 usa
1200 3893 1285 3954 est:

247 4102 390 4196 Aeole,
410 4125 589 4207 namque
609 4098 685 4178 tibi
706 4097 844 4176 divom
866 4097 985 4176 Pater
1004 4115 1126 4205 atque
1145 4095 1363 4178 hominum
1383 4126 1454 4179 rex
1543 4097 1567 4176 6
1572 4122 1594 4204 5

188 4214 244 4293 Et
264 4214 442 4292 mulcere
463 4211 574 4291 dedit
594 4209 738 4289 fluctus
758 4202 797 4289 et
818 4210 955 4289 tollere
975 4229 1110 4306 vento,
