3376 4426
153 98 389 179 Deseruere.
450 99 609 179 Domus
628 99 737 179 sanie
756 97 1005 209 dapibusque
1023 109 1212 195 cruentis,

153 208 269 292 Intus
290 239 427 321 opaca,
448 212 605 317 ingens.
664 211 756 319 Ipse
775 211 932 307 arduus,
952 212 1109 322 altaque
1126 212 1258 321 pulsat
1517 288 1529 309 ,

153 323 434 420 Sidera,-Di,
456 324 579 400 talem
600 326 712 403 terris
731 324 900 403 avertite
917 343 1070 431 pestem
1090 322 1159 404 !-
1474 322 1557 407 620
1571 346 1583 415 ,’

152 436 196 514 N
199 464 243 515 ec
263 438 353 515 visu
372 432 500 513 facilis
522 462 597 514 nec
618 437 730 515 dictu
751 432 934 514 adfabilis
953 436 1038 516 ulli.
1569 430 1576 441 ’

152 547 385 628 Visceribus
405 548 644 626 miserorum
665 566 706 626 et
724 547 915 655 sanguine
932 548 1108 628 vescitur
1126 566 1225 627 atro.

209 771 308 850 Vidi
329 790 507 878 egomet,
529 772 609 851 duo
632 771 680 849 de
701 796 868 849 numero
888 796 983 849 cum
1001 796 1168 878 corpora
1187 788 1326 853 nostro

153 884 301 962 Prensa
320 910 444 963 manu
465 910 611 991 magna
632 882 767 962 medio
788 883 994 989 resupinus
1013 882 1054 960 in
1071 903 1186 962 antro
1543 952 1547 959 .

153 995 373 1102 Frangeret
393 996 442 1075 ad
463 1023 616 1091 saxum,
638 996 827 1103 sanieque
846 1020 1026 1103 exspersa
1045 1014 1224 1075 natarent
1473 994 1526 1077 62
1531 1022 1554 1107 ς
1590 1016 1593 1021 ’

152 1107 317 1186 Limina
334 1141 344 1203 ;
376 1107 461 1187 vidi
482 1128 567 1187 atro
589 1134 683 1186 cum
703 1107 884 1187 membra
903 1103 1066 1185 fluentia
1085 1106 1178 1188 tabo

153 1219 386 1315 Manderet,
408 1240 448 1299 et
469 1221 596 1328 tepidi
618 1238 833 1298 tremerent
852 1218 924 1298 sub
946 1218 1129 1298 dentibus
1149 1239 1271 1299 artus.
1559 1294 1575 1313 ,.

152 1332 279 1411 Haud
299 1333 454 1438 inpune
475 1332 642 1438 quidem
662 1362 673 1426 ;
704 1356 777 1410 nec
798 1332 893 1410 talia
910 1356 1043 1439 passus
1060 1330 1215 1427 Ulixes,
1407 1390 1413 1427 ,
1433 1306 1581 1453 &3⁸5⁴

1333 1462 1342 1489 ,
1408 1450 1416 1463 .

151 1441 368 1522 Oblitusve
388 1444 449 1522 sui
470 1461 528 1521 est
549 1443 712 1523 Ithacus
731 1442 960 1522 discrimine
981 1461 1103 1522 tanto.
1210 1474 1303 1571 νῶι*

149 1553 260 1634 Nam
281 1555 403 1634 simul
422 1557 603 1662 expletus
623 1554 790 1663 dapibus
809 1514 1210 1663 vinoquesepultusi
1473 1553 1556 1663 630

153 1666 366 1765 Cervicem
386 1664 578 1746 inflexam
597 1668 744 1775 posuit,
759 1668 962 1776 iacuitque
980 1692 1052 1775 per
1070 1685 1231 1747 antrum

151 1778 378 1884 Inmensus,
397 1780 549 1858 saniem
569 1799 751 1859 eructans
771 1799 809 1859 et
829 1776 952 1859 frusta
972 1798 1140 1859 cruento

153 1891 229 1968 Per
244 1888 439 1970 'somnum
461 1893 685 1970 commixta
703 1917 829 1988 mero,
849 1918 933 1987 nos,
952 1916 1098 1999 magna
1117 1891 1272 1999 precati

151 2003 340 2081 Numina
358 2004 572 2110 sortitique
592 2005 713 2100 vices,
734 2032 813 2084 una
833 2004 1011 2111 undique
1030 2004 1185 2082 circum

152 2114 394 2210 Fundimur,
416 2133 456 2193 et
471 2117 553 2193 telo
573 2117 709 2194 lumen
730 2115 973 2195 terebramus
993 2134 1125 2210 acuto,

150 2226 311 2333 Ingens,
332 2226 442 2333 quod
462 2246 575 2305 torva
594 2227 724 2306 solum
743 2226 816 2308 sub
835 2223 967 2305 fronte
987 2227 1148 2321 latebat,

4 2339 337 2445 -··-*>Argolici
357 2340 478 2446 clipei
499 2358 566 2417 aut
589 2337 796 2419 Phoebeae
815 2338 1006 2447 lampadis
1024 2339 1159 2433 instar,

149 2450 204 2528 Et
220 2451 385 2528 tandem
402 2451 498 2529 laeti
519 2452 720 2530 sociorum
740 2452 970 2530 ulciscimur
989 2450 1158 2530 umbras.

132 2560 391 2669 §ded-hughe,
412 2590 436 2641 o
456 2562 606 2658 miseri,
617 2560 760 2671 fugite,
780 2581 900 2671 atque
918 2562 967 2642 ab
986 2562 1103 2642 litore
1121 2558 1263 2641 funem

151 2674 364 2782 Rumpite.

1 2872 2 2879 ἵ
65 2786 263 2864 -27Nam
285 2786 413 2893 qualis
435 2805 687 2893 quantusque
708 2812 807 2865 cavo
829 2784 1109 2895 Euipphems
1123 2784 1167 2864 in
1186 2802 1302 2864 antro

150 2898 377 3005 Lanigeras
391 2898 544 2977 claudit
563 2898 737 3012 QS
758 2917 877 3006 atque
898 2898 1019 2976 ubera
1039 2915 1203 3004 pressat,

150 3011 330 3088 Centum
345 3004 420 3089 'alii
440 3010 564 3089 curva
583 3010 684 3089 h'aec
703 3010 888 3089 habitant
909 3009 958 3088 ad
976 3011 1093 3088 litora
1111 3009 1234 3117 volgo

150 3120 312 3200 Infandi
335 3122 535 3230 Cyclopes
556 3142 595 3201 et
616 3123 704 3201 altis
724 3123 929 3202 montibus
950 3140 1091 3199 errant.

148 3234 290 3312 Tertia
310 3234 393 3312 iam
415 3235 554 3313 Lunae
574 3261 614 3313 se
633 3261 784 3313 cornua
802 3235 954 3313 lumine
975 3233 1179 3340 conplent,

149 3346 259 3423 Cum
280 3347 408 3424 vitam
430 3347 473 3424 in
494 3347 603 3425 silvis
624 3348 729 3425 inter
749 3347 899 3425 deserta
918 3344 1089 3423 ferarum

150 3457 295 3536 Lustra
316 3457 538 3564 domosque
559 3460 686 3552 traho,
706 3479 914 3565 vastosque
935 3456 982 3534 ab
1003 3482 1100 3561 rupe
1122 3454 1320 3563 Cyclopas

151 3569 374 3676 Prospicio,
395 3571 652 3676 sonitumque
672 3569 822 3676 pedum
842 3595 1063 3674 vocemque
1084 3586 1291 3647 tremesco.

148 3682 321 3759 Victum
341 3678 561 3775 infelicem,
582 3681 696 3759 bacas
715 3682 970 3788 lapidosaque
990 3706 1121 3774 corna,

149 3794 262 3872 Dant
283 3794 399 3888 rami,
421 3812 460 3870 et
479 3794 597 3871 volsis
619 3813 786 3900 pascunt
806 3792 1003 3872 radicibus
1024 3789 1181 3870 herbae.

149 3905 305 3987 Omnia
326 3906 589 4000 conlustrans,
610 3904 714 3983 hanc
735 3905 913 4012 primum
934 3904 983 3982 ad
1002 3904 1119 3982 litora
1139 3905 1303 3983 classem

821 4044 896 4122 144
