3584 4522
195 438 343 519 Pressit
361 439 479 519 humi
499 440 644 533 nitens,
665 439 921 549 trepidusque
940 461 1101 550 repente
1122 439 1269 548 refugit

193 551 465 632 Attollentem
483 554 560 631 iras
579 554 793 631 etcaerula
811 554 913 632 colla
931 573 1153 633 tumentem
1173 586 1184 649 ;

195 663 323 743 Haud
342 690 452 744 secus
472 661 708 770 Androgeos
727 666 815 743 visu
835 662 1086 745 tremefactus
1107 666 1254 746 abibat.

160 800 163 804 ·
194 775 412 868 Inruimus,
434 775 563 853 densis
583 794 624 852 et
644 773 1004 855 circumfundimur
1018 780 1150 873 armis,

195 887 441 995 Ignarosque
460 887 539 965 loci
560 889 706 994 passim
721 908 760 967 et
779 886 993 966 formidine
1013 909 1147 997 captos

196 1000 430 1078 Sternimus.
489 997 678 1107 Adspirat
699 1001 830 1107 primo
850 996 1008 1078 fortuna
1026 1003 1165 1080 labori.

192 1113 334 1220 Atque
353 1109 423 1188 hic
443 1135 621 1189 successu
643 1112 838 1189 exsultans
858 1113 1078 1219 animisque
1099 1112 1316 1208 Coroebus,

196 1223 236 1303 Ο
257 1224 369 1318 socii,
390 1248 469 1328 qua
489 1224 633 1329 prima,
653 1221 800 1329 inquit,
820 1218 977 1301 fortuna
995 1224 1127 1303 salutis

196 1334 402 1414 Monstrat
423 1336 511 1427 iter,
533 1361 692 1441 quaque
712 1334 883 1414 ostendit
903 1362 941 1414 se
962 1336 1111 1432 dextra,
1131 1362 1372 1442 sequamur:

195 1447 409 1526 Muternus
429 1447 590 1553 clipeos,
608 1448 875 1553 Danaumque
895 1449 1064 1555 insignia
1084 1447 1196 1527 nobis

194 1560 409 1666 Aptemus.
471 1557 600 1637 Dolus
620 1585 669 1636 an
689 1560 827 1653 virtus,
848 1561 936 1665 quis
957 1563 998 1638 in
1018 1561 1131 1639 hoste
1152 1561 1357 1668 requirat?

193 1672 325 1749 Arrna
345 1670 496 1749 dabunt
518 1670 605 1778 ipsi.
668 1670 732 1748 Sic
752 1667 866 1764 fatus,
887 1671 1029 1750 deinde
1049 1692 1276 1750 comantem

194 1783 404 1889 Androgei
426 1783 580 1889 galeam
600 1782 800 1889 clipeique
821 1782 975 1888 insigne
996 1783 1186 1862 decorum

197 1894 398 1990 Induitur,
419 1895 612 2000 laterique
633 1894 836 2000 Argivum
856 1894 1134 1973 adcommodat
1153 1922 1300 1973 ensem.

197 2005 295 2085 Hoc
317 2006 514 2115 Rhipeus,
534 2006 613 2084 hoc
634 2006 716 2113 ipse
733 2004 890 2113 Dymas
909 2009 1116 2115 omnisque
1137 2007 1321 2086 iuventus

196 2118 321 2197 Laeta
342 2116 438 2198 facit
459 2152 470 2215 ;
500 2118 636 2226 spoliis
655 2144 694 2196 se
715 2118 883 2225 quisque
903 2120 1124 2199 recentibus
1143 2140 1281 2198 armat.

254 2453 452 2532 Vadimus
472 2452 637 2530 inmixti
659 2453 808 2530 Danais
827 2451 935 2530 haud
954 2457 1118 2533 numine
1138 2474 1285 2552 nostro,

199 2565 422 2673 Multaque
443 2591 515 2673 per
534 2591 693 2642 caecam
714 2565 911 2670 congressi
930 2567 1078 2673 proelia
1096 2586 1257 2645 noctem

198 2679 470 2772 Conserimus,
486 2677 635 2756 multos
656 2676 845 2757 Danaum
866 2675 1113 2756 demittimus
1134 2676 1256 2758 Orco.

200 2789 440 2896 Diffugiunt
461 2789 528 2866 alii
548 2789 597 2866 ad
618 2814 749 2882 naves,
770 2806 811 2865 et
829 2788 946 2866 litora
966 2816 1080 2869 cursu

200 2902 302 2980 Fida
322 2919 466 3011 petunt
487 2927 496 2976 :
528 2927 617 3008 pars
637 2904 844 3008 ingentem
863 2896 1076 2979 formidine
1097 2903 1204 3010 turpi

199 3014 404 3094 Scandunt
424 3039 555 3091 rursus
575 3038 726 3122 equum
746 3030 785 3089 et
805 3031 900 3091 nota
919 3014 1144 3092 conduntur
1163 3017 1204 3092 in
1225 3014 1326 3093 alvo.

257 3239 357 3318 Heu
376 3239 481 3318 nihil
502 3238 640 3317 invitis
661 3235 717 3316 fas
736 3264 982 3347 quemquam
999 3234 1120 3316 fidere
1139 3236 1238 3318 divis
1258 3239 1268 3319 l

199 3350 309 3431 Ecce
330 3352 561 3431 trahebatur
582 3352 703 3459 passis
723 3351 920 3429 Priameia
938 3351 1053 3457 virgo

200 3462 393 3542 Crinibus
413 3492 435 3542 a
455 3465 606 3572 templo
629 3463 843 3558 Cassandra
864 3461 1069 3571 adytisque
1091 3462 1317 3559 Minervae,

199 3575 269 3654 Ad
290 3576 447 3654 caelum
468 3576 632 3655 tendens
652 3576 830 3655 ardentia
850 3576 1001 3654 lumina
1022 3572 1173 3668 frustra,

201 3687 392 3782 Lumina,
414 3716 508 3766 nam
529 3707 679 3766 teneras
701 3689 884 3768 arcebant
904 3688 1065 3765 vincula
1083 3688 1242 3795 palmas.

200 3800 298 3878 Non
321 3801 414 3878 tulit
435 3801 539 3878 hanc
561 3802 735 3908 speciem
754 3800 897 3878 furiata
916 3817 1051 3876 mente
1072 3796 1285 3895 Coroebus,

199 3912 255 3990 Et
276 3937 355 3989 sese
377 3912 558 3990 medium
578 3912 720 3989 iniecit
740 3913 938 4019 periturus
958 3912 998 3988 in
1020 3936 1175 4016 agmen.

201 4024 500 4130 Consequimur
520 4023 656 4101 cuncti
678 4042 718 4101 et
737 4021 865 4100 densis
885 4021 1123 4100 incurrimus
1143 4021 1273 4102 armis.

200 4134 288 4214 Hic
308 4137 488 4243 primurn
510 4161 560 4211 ex
579 4136 661 4212 alto
683 4134 837 4214 delubri
858 4133 1032 4212 culmine
1053 4134 1139 4213 telis

200 4247 446 4327 Nostrorum
467 4246 689 4343 obruimur,
711 4247 917 4356 oriturque
937 4246 1161 4325 miserrima
1176 4246 1311 4326 caedes

874 4358 921 4392 -ί
