3584 4522
198 466 309 548 Iussa
327 472 448 566 mori,
470 496 572 579 quae
591 471 754 550 sortitus
774 498 855 551 non
875 472 1041 578 pertulit
1060 472 1172 567 ullos,

198 580 290 661 Nec
310 584 478 663 victoris
499 583 586 660 heri
609 583 745 689 tetigit
766 584 925 691 captiva
943 583 1103 663 cubile!

197 693 300 789 Nos,
321 697 451 803 patria
471 696 632 773 incensa
651 695 805 774 diversa
824 721 896 803 per
914 721 1086 802 aequora
1103 714 1254 788 vectae,
1525 715 1607 799 325

196 806 341 913 Stirpis
362 806 572 886 Achilleae
592 806 711 887 fastus
731 809 1002 913 iuvenemque
1020 808 1251 914 superbum,

197 918 371 997 Servitio
393 919 547 1013 enixae,
570 921 767 999 tulimus:
798 921 870 1025 qui
890 917 1047 1012 deinde,
1067 938 1222 998 secutus

196 1029 396 1109 Ledaeam
418 1029 676 1110 Hermionen
698 1031 1113 1136 Lacedaemoniosque
1131 1030 1386 1140 hymenaeos,

196 1141 274 1219 Me
294 1138 447 1219 famulo
467 1139 743 1251 famulamque
763 1142 924 1221 Heleno
945 1144 1160 1221 transmisit
1176 1141 1413 1221 habendam.

194 1253 272 1331 Ast
292 1254 425 1348 illum,
447 1276 605 1360 ereptae
623 1281 773 1362 magno
792 1252 1016 1333 flammatus
1036 1281 1170 1333 amore

195 1364 393 1472 Coniugis
414 1385 454 1444 et
474 1368 670 1446 scelerum
691 1367 823 1446 Furiis
843 1368 1026 1474 agitatus,
1048 1366 1207 1445 Orestes

194 1476 363 1583 Excipit
384 1480 592 1557 incautum
613 1481 840 1587 patriasque
859 1480 1070 1558 obtruncat
1089 1478 1137 1556 ad
1157 1505 1250 1557 aras.

194 1587 338 1667 Morte
360 1590 626 1696 Neoptolemi
647 1617 865 1698 regnorum
886 1589 1039 1669 reddita
1056 1591 1171 1668 cessit

194 1699 289 1779 Pars
310 1702 488 1797 Heleno,
510 1704 580 1809 qui
602 1703 807 1782 Chaonios
826 1704 1067 1810 cognomine
1087 1727 1247 1807 campos

194 1811 505 1921 Chaoniamque
525 1843 689 1894 omnem
707 1817 887 1895 Troiano
908 1842 929 1893 e
950 1814 1115 1893 Chaone
1135 1812 1252 1908 dixit,

195 1922 472 2033 Pergamaque
493 1927 741 2036 Iliacamque
759 1930 866 2035 iugIs
887 1928 989 2006 hanc
1009 1924 1163 2005 addidit
1182 1950 1325 2004 arcem.

250 2147 327 2226 Sed
348 2149 423 2226 tibi
446 2150 517 2256 qui
538 2176 699 2229 cursum
719 2153 845 2247 venti,
865 2178 967 2259 quae
986 2149 1067 2230 fata
1086 2149 1261 2229 dedere?

191 2260 280 2337 Aut
301 2262 487 2367 quisnam
507 2262 693 2367 ignarum
714 2266 856 2342 nostris
877 2264 972 2342 deus
991 2263 1147 2371 adpulit
1166 2262 1276 2339 oris?

191 2370 305 2456 Quid
324 2399 425 2481 puer
444 2374 642 2453 Ascanius
662 2376 675 2454 i
707 2393 916 2481 superatne
935 2395 974 2455 et
993 2376 1166 2454 vescitur
1184 2398 1289 2465 aura,

191 2482 329 2568 Quem
350 2484 426 2563 tibi
447 2486 530 2563 iam
547 2488 731 2564 Troia-

190 2594 334 2701 Ecqua
354 2614 489 2675 tamen
510 2623 634 2703 puero
655 2617 712 2676 est
732 2599 895 2676 amissae
915 2625 1009 2676 cura
1029 2597 1232 2703 parentis?

189 2705 353 2813 Ecquid
373 2710 416 2785 in
438 2710 646 2815 antiquam
665 2711 860 2788 virtutem
881 2711 1114 2816 animosque
1133 2707 1267 2786 viriles

189 2818 245 2897 Et
264 2837 379 2926 pater
399 2821 555 2899 Aeneas
576 2840 615 2900 et
635 2822 855 2900 avunculus
872 2823 1021 2900 excitat
1040 2821 1197 2899 Hector
1214 2821 1229 2899 l

244 3042 364 3120 Talia
383 3039 578 3122 fundebat
597 3044 808 3123 lacrimans
828 3044 1052 3151 longosque
1071 3042 1201 3122 ciebat

189 3152 397 3233 Incassum
418 3153 546 3250 fletus,
568 3182 661 3234 cum
682 3182 763 3235 sese
783 3183 805 3234 a
824 3155 1035 3235 moenibus
1054 3153 1170 3234 heros

189 3264 410 3346 Priamides
431 3268 571 3346 multis
593 3267 775 3347 Helenus
795 3266 1079 3346 comitantibus
1098 3264 1238 3360 adfert,

185 3376 497 3486 Adgnoscitque
516 3405 619 3475 suos,
639 3379 844 3487 laetusque
864 3380 912 3458 ad
931 3380 1073 3459 limina
1090 3379 1214 3473 ducit,

186 3489 241 3568 Et
263 3490 440 3568 multum
459 3491 642 3570 lacrimas
662 3492 782 3571 verba
802 3494 907 3571 inter
926 3491 1082 3600 singula
1099 3488 1244 3569 fundit.

188 3600 383 3696 Proced0‚
404 3622 444 3681 et
463 3630 630 3708 parvam
650 3604 819 3683 Troiam
840 3605 1104 3709 simulataque
1124 3598 1278 3706 magnis

186 3712 384 3818 Pergama
404 3732 445 3791 et
466 3734 646 3794 arentem
666 3716 822 3795 Xanthi
844 3716 1087 3823 cognomine
1107 3714 1240 3790 rivum

182 3822 416 3929 Adgnosco‚
434 3825 658 3933 Scaeaeque
678 3829 900 3935 amplector
919 3825 1062 3904 limina
1080 3839 1231 3928 portae.

184 3935 228 4013 N
231 3962 276 4013 ec
297 3962 379 4013 non
401 3957 440 4014 et
459 3938 612 4017 Teucri
633 3940 740 4016 socia
759 3938 879 4016 simul
900 3935 999 4013 urbe
1018 3930 1218 4013 fruuntur.

183 4047 281 4127 Illos
302 4048 528 4152 porticibus
549 4075 620 4127 rex
640 4047 866 4157 accipiebat
886 4047 929 4125 in
950 4043 1093 4149 amplis
1114 4072 1125 4136 ;

183 4160 306 4238 Aulai
328 4160 465 4238 medio
486 4160 666 4240 libabant
687 4160 830 4268 pocula
851 4154 1013 4249 Bacchi,

183 4271 393 4379 Impositis
413 4299 509 4351 auro
530 4271 712 4378 dapibus,
732 4289 968 4444 paterasqpe
989 4264 1188 4345 tenebant.

855 4408 868 4444 ῐ
879 4407 899 4444 0
