3584 4522
1554 464 1590 531 11

185 578 433 659 Convertant
452 577 677 660 l-Priami
696 575 869 684 imperio
897 576 1204 686 Phrygibusque
1223 576 1408 659 futurum
1425 610 1436 677 3

184 689 254 769 Sin
275 693 459 771 manibus
478 690 616 769 vestris
637 709 810 768 vestram
830 689 1062 770 ascendisset
1082 692 1125 769 in
1149 691 1305 788 urbem,

182 802 302 882 Ultro
324 805 465 883 Asiam
485 828 634 909 magno
656 802 827 906 Pelopea
846 799 896 878 ad
915 804 1072 881 moenia
1092 803 1195 882 bello

183 913 422 1009 Venturam,
445 933 484 992 et
505 934 659 994 nostros
679 941 725 992 ea
743 910 824 991 fata
842 938 1003 991 manere
1022 935 1202 1023 nepotes.

240 1137 407 1216 Talibus
428 1136 582 1218 insidiis
603 1137 837 1245 periurique
857 1155 937 1215 arte
958 1138 1114 1218 Sinonis
1514 1162 1589 1245 195

186 1249 354 1327 Credita
374 1275 446 1345 res,
467 1253 658 1359 captique
679 1249 778 1328 dolis
798 1250 1053 1358 lacrimisque
1073 1251 1233 1345 coactis,

186 1361 300 1446 Quos
320 1388 451 1469 neque
470 1362 663 1473 Tydides,
684 1388 759 1440 nec
780 1361 999 1442 Larissaeus
1019 1361 1210 1460 Achilles,

185 1472 284 1551 Non
306 1475 400 1551 anni
423 1475 615 1555 domuere
637 1474 791 1568 decem,
812 1501 892 1552 non
912 1475 1021 1553 mille
1041 1477 1208 1555 carinae.

246 1697 333 1775 Hic
354 1698 462 1777 aliud
483 1701 611 1778 maius
632 1699 786 1777 miseris
807 1698 1015 1806 multoque
1036 1698 1291 1778 tremendum

189 1807 398 1888 Obiicitur
418 1814 560 1917 magis,
581 1830 703 1918 atque
725 1810 937 1915 inprovida
956 1832 1117 1918 pectora
1138 1813 1283 1892 turbat.
1513 1835 1594 1889 200

190 1921 394 2018 Laocoon,
415 1923 1110 2029 dejeptunoffirthrdqs,

191 2032 413 2114 Sollemnes
434 2055 595 2114 taurum
616 2037 826 2141 ingentem
846 2035 1043 2113 mactabat
1063 2034 1112 2113 ad
1132 2061 1237 2114 aras.r

183 2144 298 2253 {cce
318 2166 455 2226 autem
475 2148 629 2254 gemini
649 2173 672 2224 a
690 2144 857 2224 Tenedo
877 2148 1087 2255 tranquilla
1106 2174 1178 2255 per
1197 2148 1332 2226 alta—

188 2248 397 2370 §putes-00
419 2256 840 2338 referens—inmensis
861 2258 1021 2338 orbibus
1031 2286 1187 2367 angues
1234 2271 1394 2335 wass
1432 2304 1467 2316 -
1494 2227 1691 2358 30(ch

191 2360 442 2450 Incumbunt
462 2364 619 2479 pelago,
639 2372 870 2479 pariterque
890 2370 937 2449 ad
957 2373 1074 2451 litora
1094 2371 1263 2450 tendunt
1284 2403 1294 2468 ;
1515 2393 1593 2475 205

193 2478 362 2560 Pectora
382 2511 557 2590 quorum
577 2486 683 2562 inter
703 2481 846 2561 fluctus
866 2503 1015 2562 arrecta
1035 2484 1231 2592 iubaeque

193 2591 444 2699 Sanguineae
463 2614 650 2703 superant
670 2594 793 2673 undas
811 2626 822 2690 ;
854 2620 941 2700 pars
961 2614 1090 2674 cetera
1109 2615 1282 2702 pontum

194 2702 304 2781 Pone
324 2707 425 2815 legit
444 2709 656 2815 sinuatque
678 2709 859 2786 inmensa
877 2708 1082 2785 volumine
1101 2726 1211 2814 terga
1232 2740 1243 2803 ;

194 2813 263 2893 Fit
282 2822 436 2899 sonitus
457 2839 668 2926 spumante
688 2819 780 2898 salo.
840 2815 1008 2926 Iamque
1028 2846 1119 2897 arva
1141 2818 1343 2915 tenebant,

195 2927 478 3038 Ardentesque
499 2933 636 3010 oculos
655 2930 812 3009 suffecti
833 2932 1023 3038 sanguine
1042 2950 1083 3009 et
1102 2932 1202 3038 igni,
1518 2953 1599 3007 210

195 3038 321 3119 Sibila
340 3043 571 3123 lambebant
590 3043 739 3149 linguis
759 3041 1006 3122 vibrantibus
1026 3069 1106 3122 ora.

195 3151 453 3262 Diffugimus
473 3157 563 3235 visu
583 3179 811 3260 exsangues.
872 3152 939 3232 Illi
960 3154 1119 3262 agmine
1139 3172 1249 3233 certo

195 3263 428 3346 Laocoonta
447 3285 592 3376 petunt
612 3298 623 3362 ;
655 3285 694 3344 et
713 3266 894 3373 primum
914 3294 1034 3374 parva
1053 3266 1225 3344 duorum

197 3375 380 3486 Corpora
400 3399 587 3458 natorum
607 3405 765 3485 serpens
786 3379 990 3487 amplexus
1011 3397 1179 3485 uterque

197 3485 375 3593 Inplicat
395 3510 435 3569 et
454 3492 619 3570 miseros
640 3517 778 3569 morsu
798 3491 1022 3600 depascitur
1041 3509 1147 3570 artus
1165 3519 1177 3583 ;
1521 3512 1567 3566 21
1577 3511 1600 3593 ς

197 3598 293 3680 Post
312 3604 462 3709 ipsum,
482 3603 633 3681 auxilio
653 3603 893 3683 subeuntem
913 3631 958 3682 ac
979 3605 1054 3682 tela
1073 3600 1283 3696 ferentem,

197 3712 449 3822 Corripiunt,
470 3716 666 3823 spirisque
687 3716 813 3822 ligant
833 3715 1061 3823 ingentibus
1082 3747 1092 3810 ;
1123 3734 1162 3792 et
1184 3715 1265 3791 iam

197 3823 267 3903 Bis
287 3828 470 3906 medium
490 3829 682 3933 amplexi,
704 3827 763 3907 bis
783 3829 885 3905 collo
906 3853 1092 3934 squamea
1111 3827 1266 3904 circum

196 3937 331 4043 Terga
352 3939 446 4039 dati,
468 3959 655 4045 superant
676 3940 808 4045 capite
828 3959 867 4017 et
887 3939 1106 4017 cervicibus
1127 3937 1226 4015 altis.

198 4048 273 4127 Ille
293 4051 415 4129 simul
435 4051 619 4129 manibus
640 4050 769 4127 tendit
789 4050 974 4127 divellere
994 4050 1130 4145 nodos,

199 4159 384 4241 Perfusus
404 4165 512 4241 sanie
532 4163 650 4239 vittas
671 4180 838 4267 atroque
857 4186 1024 4255 veneno,

198 4272 405 4352 Clamores
426 4274 546 4353 simul
566 4271 786 4351 horrendos
806 4272 855 4349 ad
876 4272 1001 4349 sidera
1020 4273 1124 4349 tollit
1144 4298 1154 4349 ε

200 4385 340 4470 Qualis
361 4387 555 4494 mugitus,
577 4382 684 4491 fugit
704 4412 799 4463 cum
819 4384 972 4463 saucius
992 4410 1099 4462 aram
