<?xml version="1.0" encoding="UTF-8"?>
<!DOCTYPE html PUBLIC "-//W3C//DTD XHTML 1.0 Transitional//EN"
    "http://www.w3.org/TR/xhtml1/DTD/xhtml1-transitional.dtd">
<html xmlns="http://www.w3.org/1999/xhtml" xml:lang="en" lang="en">
 <head>
  <title>
</title>
<meta http-equiv="Content-Type" content="text/html;charset=utf-8" />
  <meta name='ocr-system' content='tesseract 3.04.00' />
  <meta name='ocr-capabilities' content='ocr_page ocr_carea ocr_par ocr_line ocrx_word'/>
</head>
<body>
  <div class='ocr_page' id='page_1' title='image "aeneidvirgil00billgoog_0138.png"; bbox 0 0 3584 4522; ppageno 0'>
   <div class='ocr_carea' id='block_1_1' title="bbox 186 445 1321 1006">
    <p class='ocr_par' dir='ltr' id='par_1_1' title="bbox 186 445 1321 892">
     <span class='ocr_line' id='line_1_1' title="bbox 186 445 1118 559; baseline 0.006 -34"><span class='ocrx_word' id='word_1_1' title='bbox 186 448 246 525; x_wconf 92' lang='lat' dir='ltr'>At</span> <span class='ocrx_word' id='word_1_2' title='bbox 264 448 384 530; x_wconf 88' lang='lat' dir='ltr'>sociis</span> <span class='ocrx_word' id='word_1_3' title='bbox 403 449 535 529; x_wconf 91' lang='lat' dir='ltr'>subita</span> <span class='ocrx_word' id='word_1_4' title='bbox 555 448 709 555; x_wconf 89' lang='lat' dir='ltr'>gelidus</span> <span class='ocrx_word' id='word_1_5' title='bbox 728 445 943 528; x_wconf 87' lang='lat' dir='ltr'>formidine</span> <span class='ocrx_word' id='word_1_6' title='bbox 962 451 1118 559; x_wconf 88' lang='lat' dir='ltr'>sanguis</span> 
     </span>
     <span class='ocr_line' id='line_1_2' title="bbox 187 559 1321 673; baseline 0.006 -36"><span class='ocrx_word' id='word_1_7' title='bbox 187 559 381 670; x_wconf 88' lang='lat' dir='ltr'>Deriguit</span> <span class='ocrx_word' id='word_1_8' title='bbox 403 594 414 658; x_wconf 90' lang='lat'><strong>;</strong></span> <span class='ocrx_word' id='word_1_9' title='bbox 445 560 625 641; x_wconf 85' lang='lat' dir='ltr'>cecidere</span> <span class='ocrx_word' id='word_1_10' title='bbox 645 562 783 657; x_wconf 90' lang='lat' dir='ltr'>animi,</span> <span class='ocrx_word' id='word_1_11' title='bbox 804 588 876 642; x_wconf 91' lang='lat' dir='ltr'>nec</span> <span class='ocrx_word' id='word_1_12' title='bbox 896 561 977 640; x_wconf 89' lang='lat' dir='ltr'>iam</span> <span class='ocrx_word' id='word_1_13' title='bbox 997 565 1166 673; x_wconf 89' lang='lat' dir='ltr'>amplius</span> <span class='ocrx_word' id='word_1_14' title='bbox 1186 563 1321 661; x_wconf 90' lang='lat' dir='ltr'>armis,</span> 
     </span>
     <span class='ocr_line' id='line_1_3' title="bbox 187 671 1238 784; baseline 0.005 -34"><span class='ocrx_word' id='word_1_15' title='bbox 187 671 262 751; x_wconf 85' lang='lat' dir='ltr'>Sed</span> <span class='ocrx_word' id='word_1_16' title='bbox 284 677 389 754; x_wconf 90' lang='lat' dir='ltr'>votis</span> <span class='ocrx_word' id='word_1_17' title='bbox 409 673 675 781; x_wconf 87' lang='lat' dir='ltr'>precibusque</span> <span class='ocrx_word' id='word_1_18' title='bbox 694 673 834 753; x_wconf 92' lang='lat' dir='ltr'>iubent</span> <span class='ocrx_word' id='word_1_19' title='bbox 855 699 1064 781; x_wconf 87' lang='lat' dir='ltr'>exposcere</span> <span class='ocrx_word' id='word_1_20' title='bbox 1085 703 1238 784; x_wconf 90' lang='lat' dir='ltr'>pacem,</span> 
     </span>
     <span class='ocr_line' id='line_1_4' title="bbox 187 783 1221 892; baseline 0.007 -31"><span class='ocrx_word' id='word_1_21' title='bbox 187 783 279 862; x_wconf 89' lang='lat' dir='ltr'>Sive</span> <span class='ocrx_word' id='word_1_22' title='bbox 300 784 408 878; x_wconf 90' lang='lat' dir='ltr'>deae,</span> <span class='ocrx_word' id='word_1_23' title='bbox 429 812 497 864; x_wconf 91' lang='lat' dir='ltr'>seu</span> <span class='ocrx_word' id='word_1_24' title='bbox 517 787 595 864; x_wconf 92' lang='lat' dir='ltr'>sint</span> <span class='ocrx_word' id='word_1_25' title='bbox 615 787 721 864; x_wconf 90' lang='lat' dir='ltr'>dirae</span> <span class='ocrx_word' id='word_1_26' title='bbox 741 786 1011 892; x_wconf 87' lang='lat' dir='ltr'>obscenaeque</span> <span class='ocrx_word' id='word_1_27' title='bbox 1030 790 1221 868; x_wconf 89' lang='lat' dir='ltr'>volucres.</span> 
     </span>
    </p>

    <p class='ocr_par' dir='ltr' id='par_1_2' title="bbox 187 895 1094 1006">
     <span class='ocr_line' id='line_1_5' title="bbox 187 895 1094 1006; baseline 0.006 -33"><span class='ocrx_word' id='word_1_28' title='bbox 187 895 241 974; x_wconf 89' lang='lat' dir='ltr'>Et</span> <span class='ocrx_word' id='word_1_29' title='bbox 261 917 377 1004; x_wconf 90' lang='lat' dir='ltr'>pater</span> <span class='ocrx_word' id='word_1_30' title='bbox 397 896 594 977; x_wconf 89' lang='lat' dir='ltr'>Anchises</span> <span class='ocrx_word' id='word_1_31' title='bbox 613 900 731 1006; x_wconf 90' lang='lat' dir='ltr'>passis</span> <span class='ocrx_word' id='word_1_32' title='bbox 751 899 799 976; x_wconf 92' lang='lat' dir='ltr'>de</span> <span class='ocrx_word' id='word_1_33' title='bbox 818 900 934 976; x_wconf 89' lang='lat' dir='ltr'>litore</span> <span class='ocrx_word' id='word_1_34' title='bbox 954 899 1094 1004; x_wconf 91' lang='lat' dir='ltr'>palmis</span> 
     </span>
    </p>
   </div>
   <div class='ocr_carea' id='block_1_2' title="bbox 186 1007 1331 1116">
    <p class='ocr_par' dir='ltr' id='par_1_3' title="bbox 186 1007 1331 1116">
     <span class='ocr_line' id='line_1_6' title="bbox 186 1007 1331 1116; baseline 0.004 -30"><span class='ocrx_word' id='word_1_35' title='bbox 186 1007 373 1087; x_wconf 89' lang='lat' dir='ltr'>Numina</span> <span class='ocrx_word' id='word_1_36' title='bbox 393 1035 540 1115; x_wconf 89' lang='lat' dir='ltr'>magna</span> <span class='ocrx_word' id='word_1_37' title='bbox 559 1029 688 1105; x_wconf 93' lang='lat' dir='ltr'>vocat,</span> <span class='ocrx_word' id='word_1_38' title='bbox 708 1011 950 1116; x_wconf 88' lang='lat' dir='ltr'>meritosque</span> <span class='ocrx_word' id='word_1_39' title='bbox 969 1011 1113 1089; x_wconf 86' lang='lat' dir='ltr'>indicit</span> <span class='ocrx_word' id='word_1_40' title='bbox 1132 1012 1302 1091; x_wconf 87' lang='lat' dir='ltr'>honores</span> <span class='ocrx_word' id='word_1_41' title='bbox 1321 1038 1331 1091; x_wconf 89' lang='lat'>:</span> 
     </span>
    </p>
   </div>
   <div class='ocr_carea' id='block_1_3' title="bbox 184 1118 1293 1678">
    <p class='ocr_par' dir='ltr' id='par_1_4' title="bbox 184 1118 1293 1678">
     <span class='ocr_line' id='line_1_7' title="bbox 187 1118 1254 1224; baseline 0.005 -27"><span class='ocrx_word' id='word_1_42' title='bbox 187 1118 261 1214; x_wconf 93' lang='lat' dir='ltr'>Di,</span> <span class='ocrx_word' id='word_1_43' title='bbox 282 1118 497 1224; x_wconf 90' lang='lat' dir='ltr'>prohibete</span> <span class='ocrx_word' id='word_1_44' title='bbox 518 1123 645 1201; x_wconf 91' lang='lat' dir='ltr'>minas</span> <span class='ocrx_word' id='word_1_45' title='bbox 663 1155 674 1218; x_wconf 88' lang='lat'>;</span> <span class='ocrx_word' id='word_1_46' title='bbox 705 1122 759 1216; x_wconf 94' lang='lat' dir='ltr'>di,</span> <span class='ocrx_word' id='word_1_47' title='bbox 781 1122 900 1199; x_wconf 89' lang='lat' dir='ltr'>talem</span> <span class='ocrx_word' id='word_1_48' title='bbox 919 1124 1085 1200; x_wconf 91' lang='lat' dir='ltr'>avertite</span> <span class='ocrx_word' id='word_1_49' title='bbox 1105 1149 1254 1221; x_wconf 89' lang='lat' dir='ltr'>casum,</span> 
     </span>
     <span class='ocr_line' id='line_1_8' title="bbox 187 1230 1181 1341; baseline 0.004 -33"><span class='ocrx_word' id='word_1_50' title='bbox 187 1231 242 1309; x_wconf 89' lang='lat' dir='ltr'>Et</span> <span class='ocrx_word' id='word_1_51' title='bbox 257 1232 410 1337; x_wconf 91' lang='lat' dir='ltr'>placidi</span> <span class='ocrx_word' id='word_1_52' title='bbox 430 1253 581 1312; x_wconf 90' lang='lat' dir='ltr'>servate</span> <span class='ocrx_word' id='word_1_53' title='bbox 600 1235 688 1341; x_wconf 89' lang='lat' dir='ltr'>pios</span> <span class='ocrx_word' id='word_1_54' title='bbox 710 1232 719 1311; x_wconf 86' lang='lat' dir='ltr'>l</span> <span class='ocrx_word' id='word_1_55' title='bbox 776 1234 887 1311; x_wconf 91' lang='lat' dir='ltr'>Tum</span> <span class='ocrx_word' id='word_1_56' title='bbox 907 1234 1023 1312; x_wconf 89' lang='lat' dir='ltr'>litore</span> <span class='ocrx_word' id='word_1_57' title='bbox 1043 1230 1181 1313; x_wconf 87' lang='lat' dir='ltr'>funem</span> 
     </span>
     <span class='ocr_line' id='line_1_9' title="bbox 187 1342 1175 1453; baseline 0.004 -32"><span class='ocrx_word' id='word_1_58' title='bbox 187 1342 398 1450; x_wconf 89' lang='lat' dir='ltr'>Deripere,</span> <span class='ocrx_word' id='word_1_59' title='bbox 421 1371 681 1453; x_wconf 89' lang='lat' dir='ltr'>excussosque</span> <span class='ocrx_word' id='word_1_60' title='bbox 701 1344 812 1424; x_wconf 91' lang='lat' dir='ltr'>iubet</span> <span class='ocrx_word' id='word_1_61' title='bbox 832 1347 961 1423; x_wconf 88' lang='lat' dir='ltr'>laxare</span> <span class='ocrx_word' id='word_1_62' title='bbox 982 1347 1175 1425; x_wconf 90' lang='lat' dir='ltr'>rudentes.</span> 
     </span>
     <span class='ocr_line' id='line_1_10' title="bbox 184 1454 1293 1564; baseline 0.005 -32"><span class='ocrx_word' id='word_1_63' title='bbox 184 1455 379 1535; x_wconf 90' lang='lat' dir='ltr'>Tendunt</span> <span class='ocrx_word' id='word_1_64' title='bbox 399 1460 487 1535; x_wconf 89' lang='lat' dir='ltr'>vela</span> <span class='ocrx_word' id='word_1_65' title='bbox 507 1459 610 1537; x_wconf 91' lang='lat' dir='ltr'>Noti</span> <span class='ocrx_word' id='word_1_66' title='bbox 632 1491 642 1554; x_wconf 91' lang='lat'>;</span> <span class='ocrx_word' id='word_1_67' title='bbox 672 1454 849 1564; x_wconf 89' lang='lat' dir='ltr'>fugimus</span> <span class='ocrx_word' id='word_1_68' title='bbox 869 1458 1144 1563; x_wconf 89' lang='lat' dir='ltr'>spumantibus</span> <span class='ocrx_word' id='word_1_69' title='bbox 1164 1458 1293 1554; x_wconf 91' lang='lat' dir='ltr'>undis,</span> 
     </span>
     <span class='ocr_line' id='line_1_11' title="bbox 186 1566 1238 1678; baseline -0.003 -26"><span class='ocrx_word' id='word_1_70' title='bbox 186 1566 279 1652; x_wconf 89' lang='lat' dir='ltr'>Qua</span> <span class='ocrx_word' id='word_1_71' title='bbox 300 1595 464 1647; x_wconf 89' lang='lat' dir='ltr'>cursum</span> <span class='ocrx_word' id='word_1_72' title='bbox 483 1587 704 1677; x_wconf 89' lang='lat' dir='ltr'>ventusque</span> <span class='ocrx_word' id='word_1_73' title='bbox 723 1569 1041 1678; x_wconf 89' lang='lat' dir='ltr'>gubernatorque</span> <span class='ocrx_word' id='word_1_74' title='bbox 1060 1571 1238 1649; x_wconf 89' lang='lat' dir='ltr'>vocabat.</span> 
     </span>
    </p>
   </div>
   <div class='ocr_carea' id='block_1_4' title="bbox 244 1766 1400 1879">
    <p class='ocr_par' dir='ltr' id='par_1_5' title="bbox 244 1766 1400 1879">
     <span class='ocr_line' id='line_1_12' title="bbox 244 1766 1400 1879; baseline 0.005 -34"><span class='ocrx_word' id='word_1_75' title='bbox 244 1766 333 1846; x_wconf 91' lang='lat' dir='ltr'>Iam</span> <span class='ocrx_word' id='word_1_76' title='bbox 354 1769 489 1847; x_wconf 89' lang='lat' dir='ltr'>medio</span> <span class='ocrx_word' id='word_1_77' title='bbox 511 1769 671 1877; x_wconf 89' lang='lat' dir='ltr'>adparet</span> <span class='ocrx_word' id='word_1_78' title='bbox 693 1767 816 1848; x_wconf 89' lang='lat' dir='ltr'>fluctu</span> <span class='ocrx_word' id='word_1_79' title='bbox 837 1797 1042 1849; x_wconf 91' lang='lat' dir='ltr'>nemorosa</span> <span class='ocrx_word' id='word_1_80' title='bbox 1063 1769 1295 1879; x_wconf 90' lang='lat' dir='ltr'>Zacynthos</span> <span class='ocrx_word' id='word_1_81' title='bbox 1397 1866 1400 1871; x_wconf 34' lang='grc'>,</span> 
     </span>
    </p>
   </div>
   <div class='ocr_carea' id='block_1_5' title="bbox 185 1879 1247 2298">
    <p class='ocr_par' dir='ltr' id='par_1_6' title="bbox 185 1879 1247 2298">
     <span class='ocr_line' id='line_1_13' title="bbox 186 1879 1247 1990; baseline 0.006 -33"><span class='ocrx_word' id='word_1_82' title='bbox 186 1879 514 1988; x_wconf 89' lang='lat' dir='ltr'>Dulichiumque</span> <span class='ocrx_word' id='word_1_83' title='bbox 534 1882 729 1990; x_wconf 89' lang='lat' dir='ltr'>Sameque</span> <span class='ocrx_word' id='word_1_84' title='bbox 748 1900 788 1961; x_wconf 91' lang='lat' dir='ltr'>et</span> <span class='ocrx_word' id='word_1_85' title='bbox 808 1882 973 1962; x_wconf 90' lang='lat' dir='ltr'>Neritos</span> <span class='ocrx_word' id='word_1_86' title='bbox 993 1883 1113 1962; x_wconf 91' lang='lat' dir='ltr'>ardua</span> <span class='ocrx_word' id='word_1_87' title='bbox 1133 1885 1247 1963; x_wconf 88' lang='lat' dir='ltr'>saxis.</span> 
     </span>
     <span class='ocr_line' id='line_1_14' title="bbox 186 1991 1148 2102; baseline 0.006 -34"><span class='ocrx_word' id='word_1_88' title='bbox 186 1991 420 2099; x_wconf 88' lang='lat' dir='ltr'>Effugimus</span> <span class='ocrx_word' id='word_1_89' title='bbox 441 1994 623 2101; x_wconf 89' lang='lat' dir='ltr'>scopulos</span> <span class='ocrx_word' id='word_1_90' title='bbox 643 1993 816 2090; x_wconf 90' lang='lat' dir='ltr'>Ithacae,</span> <span class='ocrx_word' id='word_1_91' title='bbox 838 1995 996 2073; x_wconf 91' lang='lat' dir='ltr'>Laertia</span> <span class='ocrx_word' id='word_1_92' title='bbox 1016 2021 1148 2102; x_wconf 90' lang='lat' dir='ltr'>regna,</span> 
     </span>
     <span class='ocr_line' id='line_1_15' title="bbox 185 2103 1153 2187; baseline 0.005 -6"><span class='ocrx_word' id='word_1_93' title='bbox 185 2103 241 2181; x_wconf 91' lang='lat' dir='ltr'>Et</span> <span class='ocrx_word' id='word_1_94' title='bbox 261 2123 409 2182; x_wconf 91' lang='lat' dir='ltr'>terram</span> <span class='ocrx_word' id='word_1_95' title='bbox 430 2106 612 2183; x_wconf 89' lang='lat' dir='ltr'>altricem</span> <span class='ocrx_word' id='word_1_96' title='bbox 632 2108 736 2184; x_wconf 91' lang='lat' dir='ltr'>saevi</span> <span class='ocrx_word' id='word_1_97' title='bbox 757 2132 1005 2186; x_wconf 81' lang='lat' dir='ltr'>exsecramur</span> <span class='ocrx_word' id='word_1_98' title='bbox 1026 2107 1153 2187; x_wconf 86' lang='lat' dir='ltr'>Ulixi.</span> 
     </span>
     <span class='ocr_line' id='line_1_16' title="bbox 186 2215 1167 2298; baseline 0.005 -5"><span class='ocrx_word' id='word_1_99' title='bbox 186 2215 295 2293; x_wconf 91' lang='lat' dir='ltr'>Mox</span> <span class='ocrx_word' id='word_1_100' title='bbox 316 2235 357 2294; x_wconf 91' lang='lat' dir='ltr'>et</span> <span class='ocrx_word' id='word_1_101' title='bbox 378 2217 576 2294; x_wconf 90' lang='lat' dir='ltr'>Leucatae</span> <span class='ocrx_word' id='word_1_102' title='bbox 596 2217 775 2296; x_wconf 88' lang='lat' dir='ltr'>nimbosa</span> <span class='ocrx_word' id='word_1_103' title='bbox 795 2220 1000 2297; x_wconf 92' lang='lat' dir='ltr'>cacumina</span> <span class='ocrx_word' id='word_1_104' title='bbox 1020 2219 1167 2298; x_wconf 92' lang='lat' dir='ltr'>montis</span> 
     </span>
    </p>
   </div>
   <div class='ocr_carea' id='block_1_6' title="bbox 183 2324 1251 2660">
    <p class='ocr_par' dir='ltr' id='par_1_7' title="bbox 183 2324 1251 2660">
     <span class='ocr_line' id='line_1_17' title="bbox 184 2324 1022 2437; baseline 0.006 -33"><span class='ocrx_word' id='word_1_105' title='bbox 184 2327 241 2405; x_wconf 89' lang='lat' dir='ltr'>Et</span> <span class='ocrx_word' id='word_1_106' title='bbox 260 2324 499 2407; x_wconf 88' lang='lat' dir='ltr'>formidatus</span> <span class='ocrx_word' id='word_1_107' title='bbox 520 2329 649 2407; x_wconf 91' lang='lat' dir='ltr'>nautis</span> <span class='ocrx_word' id='word_1_108' title='bbox 669 2330 843 2436; x_wconf 91' lang='lat' dir='ltr'>aperitur</span> <span class='ocrx_word' id='word_1_109' title='bbox 862 2331 1022 2437; x_wconf 87' lang='lat' dir='ltr'>Apollo.</span> 
     </span>
     <span class='ocr_line' id='line_1_18' title="bbox 186 2436 1251 2546; baseline 0.005 -30"><span class='ocrx_word' id='word_1_110' title='bbox 186 2439 315 2517; x_wconf 92' lang='lat' dir='ltr'>Hunc</span> <span class='ocrx_word' id='word_1_111' title='bbox 335 2440 513 2545; x_wconf 89' lang='lat' dir='ltr'>petimus</span> <span class='ocrx_word' id='word_1_112' title='bbox 534 2436 623 2519; x_wconf 90' lang='lat' dir='ltr'>fessi</span> <span class='ocrx_word' id='word_1_113' title='bbox 645 2461 683 2519; x_wconf 91' lang='lat' dir='ltr'>et</span> <span class='ocrx_word' id='word_1_114' title='bbox 703 2467 845 2546; x_wconf 89' lang='lat' dir='ltr'>parvae</span> <span class='ocrx_word' id='word_1_115' title='bbox 864 2441 1108 2520; x_wconf 90' lang='lat' dir='ltr'>succedimus</span> <span class='ocrx_word' id='word_1_116' title='bbox 1129 2441 1218 2521; x_wconf 91' lang='lat' dir='ltr'>urbi</span> <span class='ocrx_word' id='word_1_117' title='bbox 1240 2474 1251 2538; x_wconf 90' lang='grc'><strong>;</strong></span> 
     </span>
     <span class='ocr_line' id='line_1_19' title="bbox 183 2551 1180 2660; baseline 0.004 -32"><span class='ocrx_word' id='word_1_118' title='bbox 183 2551 347 2630; x_wconf 90' lang='lat' dir='ltr'>Ancora</span> <span class='ocrx_word' id='word_1_119' title='bbox 368 2552 418 2629; x_wconf 92' lang='lat' dir='ltr'>de</span> <span class='ocrx_word' id='word_1_120' title='bbox 438 2579 556 2659; x_wconf 93' lang='lat' dir='ltr'>prora</span> <span class='ocrx_word' id='word_1_121' title='bbox 576 2553 731 2648; x_wconf 90' lang='lat' dir='ltr'>iacitur,</span> <span class='ocrx_word' id='word_1_122' title='bbox 754 2571 855 2632; x_wconf 90' lang='lat' dir='ltr'>stant</span> <span class='ocrx_word' id='word_1_123' title='bbox 877 2553 994 2631; x_wconf 89' lang='lat' dir='ltr'>litore</span> <span class='ocrx_word' id='word_1_124' title='bbox 1013 2580 1180 2660; x_wconf 87' lang='lat' dir='ltr'>puppes.</span> 
     </span>
    </p>
   </div>
   <div class='ocr_carea' id='block_1_7' title="bbox 180 2738 1252 3409">
    <p class='ocr_par' dir='ltr' id='par_1_8' title="bbox 180 2738 1252 3409">
     <span class='ocr_line' id='line_1_20' title="bbox 241 2738 1052 2847; baseline 0 -29"><span class='ocrx_word' id='word_1_125' title='bbox 241 2740 353 2845; x_wconf 87' lang='lat' dir='ltr'>Ergo</span> <span class='ocrx_word' id='word_1_126' title='bbox 374 2738 572 2846; x_wconf 91' lang='lat' dir='ltr'>insperata</span> <span class='ocrx_word' id='word_1_127' title='bbox 592 2740 754 2819; x_wconf 90' lang='lat' dir='ltr'>tandem</span> <span class='ocrx_word' id='word_1_128' title='bbox 775 2741 914 2819; x_wconf 91' lang='lat' dir='ltr'>tellure</span> <span class='ocrx_word' id='word_1_129' title='bbox 933 2741 1052 2847; x_wconf 90' lang='lat' dir='ltr'>potiti</span> 
     </span>
     <span class='ocr_line' id='line_1_21' title="bbox 184 2850 1202 2959; baseline 0.003 -30"><span class='ocrx_word' id='word_1_130' title='bbox 184 2851 506 2957; x_wconf 89' lang='lat' dir='ltr'>Lustramurque</span> <span class='ocrx_word' id='word_1_131' title='bbox 526 2850 614 2931; x_wconf 89' lang='lat' dir='ltr'>Iovi</span> <span class='ocrx_word' id='word_1_132' title='bbox 635 2854 817 2959; x_wconf 89' lang='lat' dir='ltr'>votisque</span> <span class='ocrx_word' id='word_1_133' title='bbox 837 2852 1085 2932; x_wconf 90' lang='lat' dir='ltr'>incendimus</span> <span class='ocrx_word' id='word_1_134' title='bbox 1105 2878 1202 2948; x_wconf 91' lang='lat' dir='ltr'>aras,</span> 
     </span>
     <span class='ocr_line' id='line_1_22' title="bbox 183 2961 1083 3070; baseline 0.003 -29"><span class='ocrx_word' id='word_1_135' title='bbox 183 2964 389 3070; x_wconf 89' lang='lat' dir='ltr'>Actiaque</span> <span class='ocrx_word' id='word_1_136' title='bbox 412 2961 547 3043; x_wconf 93' lang='lat' dir='ltr'>Iliacis</span> <span class='ocrx_word' id='word_1_137' title='bbox 567 2964 809 3044; x_wconf 89' lang='lat' dir='ltr'>celebramus</span> <span class='ocrx_word' id='word_1_138' title='bbox 832 2965 949 3043; x_wconf 88' lang='lat' dir='ltr'>litora</span> <span class='ocrx_word' id='word_1_139' title='bbox 969 2966 1083 3044; x_wconf 91' lang='lat' dir='ltr'>ludis.</span> 
     </span>
     <span class='ocr_line' id='line_1_23' title="bbox 185 3075 1071 3183; baseline 0.003 -30"><span class='ocrx_word' id='word_1_140' title='bbox 185 3075 390 3153; x_wconf 90' lang='lat' dir='ltr'>Exercent</span> <span class='ocrx_word' id='word_1_141' title='bbox 414 3076 561 3181; x_wconf 89' lang='lat' dir='ltr'>patrias</span> <span class='ocrx_word' id='word_1_142' title='bbox 582 3078 668 3155; x_wconf 89' lang='lat' dir='ltr'>oleo</span> <span class='ocrx_word' id='word_1_143' title='bbox 688 3075 845 3155; x_wconf 89' lang='lat' dir='ltr'>labente</span> <span class='ocrx_word' id='word_1_144' title='bbox 865 3077 1071 3183; x_wconf 89' lang='lat' dir='ltr'>palaestras</span> 
     </span>
     <span class='ocr_line' id='line_1_24' title="bbox 183 3186 1032 3281; baseline 0.005 -17"><span class='ocrx_word' id='word_1_145' title='bbox 183 3186 228 3264; x_wconf 95' lang='lat' dir='ltr'>N</span> <span class='ocrx_word' id='word_1_146' title='bbox 231 3186 342 3265; x_wconf 89' lang='lat' dir='ltr'>udati</span> <span class='ocrx_word' id='word_1_147' title='bbox 363 3188 463 3265; x_wconf 94' lang='lat' dir='ltr'>socii</span> <span class='ocrx_word' id='word_1_148' title='bbox 482 3217 493 3281; x_wconf 92' lang='lat'>;</span> <span class='ocrx_word' id='word_1_149' title='bbox 524 3188 635 3266; x_wconf 92' lang='lat' dir='ltr'>iuvat</span> <span class='ocrx_word' id='word_1_150' title='bbox 655 3189 817 3266; x_wconf 89' lang='lat' dir='ltr'>evasisse</span> <span class='ocrx_word' id='word_1_151' title='bbox 837 3207 899 3267; x_wconf 92' lang='lat' dir='ltr'>tot</span> <span class='ocrx_word' id='word_1_152' title='bbox 917 3187 1032 3268; x_wconf 88' lang='lat' dir='ltr'>urbes</span> 
     </span>
     <span class='ocr_line' id='line_1_25' title="bbox 180 3297 1252 3409; baseline 0.005 -33"><span class='ocrx_word' id='word_1_153' title='bbox 180 3299 395 3406; x_wconf 89' lang='lat' dir='ltr'>Argolicas</span> <span class='ocrx_word' id='word_1_154' title='bbox 415 3297 649 3406; x_wconf 89' lang='lat' dir='ltr'>mediosque</span> <span class='ocrx_word' id='word_1_155' title='bbox 667 3298 807 3406; x_wconf 89' lang='lat' dir='ltr'>fugam</span> <span class='ocrx_word' id='word_1_156' title='bbox 827 3302 997 3379; x_wconf 91' lang='lat' dir='ltr'>tenuisse</span> <span class='ocrx_word' id='word_1_157' title='bbox 1015 3328 1086 3409; x_wconf 90' lang='lat' dir='ltr'>per</span> <span class='ocrx_word' id='word_1_158' title='bbox 1107 3301 1252 3381; x_wconf 91' lang='lat' dir='ltr'>hostes.</span> 
     </span>
    </p>
   </div>
   <div class='ocr_carea' id='block_1_8' title="bbox 182 3483 1289 4367">
    <p class='ocr_par' dir='ltr' id='par_1_9' title="bbox 182 3483 1289 4367">
     <span class='ocr_line' id='line_1_26' title="bbox 242 3483 1233 3591; baseline 0.004 -29"><span class='ocrx_word' id='word_1_159' title='bbox 242 3483 406 3563; x_wconf 90' lang='lat' dir='ltr'>Interea</span> <span class='ocrx_word' id='word_1_160' title='bbox 426 3512 620 3591; x_wconf 90' lang='lat' dir='ltr'>magnum</span> <span class='ocrx_word' id='word_1_161' title='bbox 640 3488 699 3566; x_wconf 89' lang='lat' dir='ltr'>sol</span> <span class='ocrx_word' id='word_1_162' title='bbox 717 3487 1051 3566; x_wconf 88' lang='lat' dir='ltr'>circumvolvitur</span> <span class='ocrx_word' id='word_1_163' title='bbox 1070 3514 1233 3582; x_wconf 91' lang='lat' dir='ltr'>annum,</span> 
     </span>
     <span class='ocr_line' id='line_1_27' title="bbox 182 3596 1220 3707; baseline 0.004 -32"><span class='ocrx_word' id='word_1_164' title='bbox 182 3596 239 3675; x_wconf 91' lang='lat' dir='ltr'>Et</span> <span class='ocrx_word' id='word_1_165' title='bbox 259 3596 439 3702; x_wconf 90' lang='lat' dir='ltr'>glacialis</span> <span class='ocrx_word' id='word_1_166' title='bbox 460 3596 619 3705; x_wconf 90' lang='lat' dir='ltr'>hiemps</span> <span class='ocrx_word' id='word_1_167' title='bbox 640 3600 892 3706; x_wconf 90' lang='lat' dir='ltr'>aquilonibus</span> <span class='ocrx_word' id='word_1_168' title='bbox 913 3617 1064 3707; x_wconf 90' lang='lat' dir='ltr'>asperat</span> <span class='ocrx_word' id='word_1_169' title='bbox 1084 3600 1220 3679; x_wconf 91' lang='lat' dir='ltr'>undas.</span> 
     </span>
     <span class='ocr_line' id='line_1_28' title="bbox 182 3709 1203 3819; baseline 0.004 -34"><span class='ocrx_word' id='word_1_170' title='bbox 182 3709 291 3786; x_wconf 93' lang='lat' dir='ltr'>Aere</span> <span class='ocrx_word' id='word_1_171' title='bbox 307 3735 407 3786; x_wconf 89' lang='lat' dir='ltr'>cavo</span> <span class='ocrx_word' id='word_1_172' title='bbox 429 3711 620 3816; x_wconf 91' lang='lat' dir='ltr'>clipeum,</span> <span class='ocrx_word' id='word_1_173' title='bbox 641 3712 778 3819; x_wconf 90' lang='lat' dir='ltr'>magni</span> <span class='ocrx_word' id='word_1_174' title='bbox 799 3730 1000 3818; x_wconf 87' lang='lat' dir='ltr'>gestamen</span> <span class='ocrx_word' id='word_1_175' title='bbox 1021 3709 1203 3804; x_wconf 91' lang='lat' dir='ltr'>Abantis,</span> 
     </span>
     <span class='ocr_line' id='line_1_29' title="bbox 186 3818 1204 3929; baseline 0.003 -31"><span class='ocrx_word' id='word_1_176' title='bbox 186 3818 373 3898; x_wconf 89' lang='lat' dir='ltr'>Postibus</span> <span class='ocrx_word' id='word_1_177' title='bbox 395 3820 566 3901; x_wconf 89' lang='lat' dir='ltr'>adversis</span> <span class='ocrx_word' id='word_1_178' title='bbox 586 3819 681 3929; x_wconf 89' lang='lat' dir='ltr'>figo,</span> <span class='ocrx_word' id='word_1_179' title='bbox 703 3841 742 3900; x_wconf 90' lang='lat' dir='ltr'>et</span> <span class='ocrx_word' id='word_1_180' title='bbox 762 3849 847 3900; x_wconf 90' lang='lat' dir='ltr'>rem</span> <span class='ocrx_word' id='word_1_181' title='bbox 867 3823 1042 3900; x_wconf 90' lang='lat' dir='ltr'>carmine</span> <span class='ocrx_word' id='word_1_182' title='bbox 1062 3822 1204 3929; x_wconf 89' lang='lat' dir='ltr'>signo:</span> 
     </span>
     <span class='ocr_line' id='line_1_30' title="bbox 183 3933 1203 4014; baseline 0.003 -3"><span class='ocrx_word' id='word_1_183' title='bbox 183 3934 355 4011; x_wconf 76' lang='lat' dir='ltr'>Aeuens</span> <span class='ocrx_word' id='word_1_184' title='bbox 386 3958 496 4012; x_wconf 76' lang='lat' dir='ltr'>nnec</span> <span class='ocrx_word' id='word_1_185' title='bbox 525 3959 578 4012; x_wconf 82' lang='lat' dir='ltr'>ne</span> <span class='ocrx_word' id='word_1_186' title='bbox 608 3933 773 4013; x_wconf 81' lang='lat' dir='ltr'>Dnunrs</span> <span class='ocrx_word' id='word_1_187' title='bbox 803 3958 1037 4013; x_wconf 79' lang='lat' dir='ltr'>v1cronreus</span> <span class='ocrx_word' id='word_1_188' title='bbox 1065 3957 1203 4014; x_wconf 85' lang='lat' dir='ltr'>ARMA.</span> 
     </span>
     <span class='ocr_line' id='line_1_31' title="bbox 184 4043 1289 4152; baseline 0.005 -30"><span class='ocrx_word' id='word_1_189' title='bbox 184 4043 390 4149; x_wconf 88' lang='lat' dir='ltr'>Linquere</span> <span class='ocrx_word' id='word_1_190' title='bbox 411 4062 502 4122; x_wconf 93' lang='lat' dir='ltr'>tum</span> <span class='ocrx_word' id='word_1_191' title='bbox 520 4064 658 4152; x_wconf 91' lang='lat' dir='ltr'>portus</span> <span class='ocrx_word' id='word_1_192' title='bbox 679 4044 798 4124; x_wconf 90' lang='lat' dir='ltr'>iubeo</span> <span class='ocrx_word' id='word_1_193' title='bbox 818 4063 858 4122; x_wconf 91' lang='lat' dir='ltr'>et</span> <span class='ocrx_word' id='word_1_194' title='bbox 878 4044 1079 4123; x_wconf 93' lang='lat' dir='ltr'>considere</span> <span class='ocrx_word' id='word_1_195' title='bbox 1098 4047 1289 4128; x_wconf 90' lang='lat' dir='ltr'>transtris.</span> 
     </span>
     <span class='ocr_line' id='line_1_32' title="bbox 184 4153 1244 4262; baseline 0.005 -28"><span class='ocrx_word' id='word_1_196' title='bbox 184 4156 385 4234; x_wconf 89' lang='lat' dir='ltr'>Certatim</span> <span class='ocrx_word' id='word_1_197' title='bbox 406 4157 505 4234; x_wconf 89' lang='lat' dir='ltr'>socii</span> <span class='ocrx_word' id='word_1_198' title='bbox 526 4153 673 4235; x_wconf 87' lang='lat' dir='ltr'>feriunt</span> <span class='ocrx_word' id='word_1_199' title='bbox 692 4183 799 4234; x_wconf 91' lang='lat' dir='ltr'>mare</span> <span class='ocrx_word' id='word_1_200' title='bbox 820 4175 859 4235; x_wconf 90' lang='lat' dir='ltr'>et</span> <span class='ocrx_word' id='word_1_201' title='bbox 880 4183 1050 4262; x_wconf 89' lang='lat' dir='ltr'>aequora</span> <span class='ocrx_word' id='word_1_202' title='bbox 1070 4179 1244 4239; x_wconf 90' lang='lat' dir='ltr'>verrunt.</span> 
     </span>
     <span class='ocr_line' id='line_1_33' title="bbox 184 4267 1195 4367; baseline 0.003 -21"><span class='ocrx_word' id='word_1_203' title='bbox 184 4268 374 4346; x_wconf 91' lang='lat' dir='ltr'>Protinus</span> <span class='ocrx_word' id='word_1_204' title='bbox 394 4268 515 4348; x_wconf 90' lang='lat' dir='ltr'>aerias</span> <span class='ocrx_word' id='word_1_205' title='bbox 537 4268 762 4348; x_wconf 88' lang='lat' dir='ltr'>Phaeacum</span> <span class='ocrx_word' id='word_1_206' title='bbox 782 4267 1057 4348; x_wconf 88' lang='lat' dir='ltr'>abscondimus</span> <span class='ocrx_word' id='word_1_207' title='bbox 1076 4296 1195 4367; x_wconf 93' lang='lat' dir='ltr'>arces,</span> 
     </span>
    </p>
   </div>
   <div class='ocr_carea' id='block_1_9' title="bbox 1540 334 1599 401">
    <p class='ocr_par' dir='ltr' id='par_1_10' title="bbox 1540 334 1599 401">
     <span class='ocr_line' id='line_1_34' title="bbox 1540 334 1599 401; baseline 0.017 -1"><span class='ocrx_word' id='word_1_208' title='bbox 1540 334 1599 401; x_wconf 90' lang='lat'>111</span> 
     </span>
    </p>
   </div>
   <div class='ocr_carea' id='block_1_10' title="bbox 1510 564 1593 644">
    <p class='ocr_par' dir='ltr' id='par_1_11' title="bbox 1510 564 1593 644">
     <span class='ocr_line' id='line_1_35' title="bbox 1510 564 1593 644; baseline 0 -1"><span class='ocrx_word' id='word_1_209' title='bbox 1510 564 1593 644; x_wconf 83' lang='lat'>260</span> 
     </span>
    </p>
   </div>
   <div class='ocr_carea' id='block_1_11' title="bbox 0 0 1796 4522">
    <p class='ocr_par' dir='ltr' id='par_1_12' title="bbox 0 0 1796 4522">
     <span class='ocr_line' id='line_1_36' title="bbox 0 0 1796 4522; baseline 0 0"><span class='ocrx_word' id='word_1_210' title='bbox 0 0 1796 4522; x_wconf 95' lang='lat' dir='ltr'> </span> 
     </span>
    </p>
   </div>
  </div>
 </body>
</html>
