3584 4522
1549 262 1709 345 rr,

193 375 306 461 Quid
326 380 493 457 moror?
525 406 574 456 an
594 404 683 455 mea
704 376 943 485 Pygmalion
964 376 1060 456 dum
1080 378 1236 457 moenia
1255 374 1375 459 frater
1518 405 1567 487 3²
1573 404 1596 485 5

193 488 396 586 Destruat,
418 510 486 568 aut
507 508 665 597 captam
686 487 805 567 ducat
827 489 1019 569 Gaetulus
1039 489 1200 571 Iarbas?

193 600 392 680 Saltem
363 630 395 681 ει
416 630 495 709 qua
516 599 619 680 mihi
640 598 689 679 de
711 621 750 679 te
770 627 832 679 sus

192 714 302 792 Ante
323 712 366 793 fu
398 743 462 792 am
478 712 648 807 suboles
666 715 697 792 si
719 715 808 821 quis
828 713 931 791 mihi
951 715 1134 820 parvulus
1153 715 1239 793 aula

231 855 256 903 u
286 846 369 904 eret
432 851 559 920 eneas,
581 824 651 933 qui
673 846 711 904 te
733 845 865 903 tamen
887 852 954 903 ore
974 822 1146 922 referret,

193 938 291 1017 Non
314 938 504 1045 equidem
526 938 692 1017 omnino
713 958 828 1046 capta
848 964 891 1015 ac
912 935 1061 1016 deserta
1079 938 1245 1017 viderer.
1515 964 1594 1047 330

251 1162 433 1239 Dixerat.
496 1160 569 1238 Ille
586 1159 694 1240 Iovis
714 1162 880 1242 monitis
899 1164 1052 1241 inmota
1072 1162 1230 1242 tenebat

192 1274 382 1369 Lumina,
404 1292 444 1352 et
465 1273 636 1352 obnixus
657 1301 794 1352 curam
815 1274 1021 1354 subcorde
1041 1274 1257 1382 premebat.

191 1383 377 1463 Tandem
397 1412 523 1494 pauca
544 1382 693 1463 refert:
726 1386 816 1492 Ego
839 1405 889 1481 te,
912 1411 1011 1493 quae
1031 1387 1201 1494 plurima
1220 1383 1371 1465 fandor

192 1497 439 1576 Enumerare
458 1499 577 1590 vales,
598 1524 834 1625 numquam,
858 1498 1026 1604 Regina,
1047 1498 1199 1604 negabo

195 1608 490 1703 Promeritam3
526 1636 599 1686 nec
621 1636 685 1686 me
706 1611 932 1688 meminisse
953 1609 1106 1716 pigebit
1126 1610 1290 1705 Elissae,
1515 1636 1593 1718 335

193 1720 308 1799 Dum
329 1750 486 1800 memor
507 1723 589 1828 ipse
610 1722 704 1815 mei,
726 1721 823 1798 dum
844 1722 1002 1828 spiritus
1023 1721 1094 1800 hos
1114 1723 1218 1827 regit
1237 1734 1364 1832 artus.'

194 1832 335 1927 Pro,re
356 1861 482 1941 pauca
502 1835 654 1940 loquar.
715 1834 862 1939 Neque
884 1860 958 1962 ego
979 1832 1080 1913 hanc
1101 1834 1336 1913 abscondere
1335 1794 1463 1913 furto

194 1944 369 2051 Speravi,
391 1973 440 2023 ne
462 1942 582 2051 finge,
603 1946 753 2052 sugam,
776 1973 848 2023 nec
869 1947 1049 2053 coniugis
1069 1973 1260 2075 umquam

195 2056 406 2134 Praetendi
428 2058 558 2145 taedas
579 2076 646 2134 aut
667 2057 794 2135 haec
784 2085 826 2135 1n
846 2055 1003 2136 foedera
1022 2059 1126 2140 veni.

194 2168 321 2246 Me
292 2194 323 2246 sr
344 2165 425 2245 fata
440 2139 546 2246 dibi!
529 2188 795 2276 spaterentur
815 2170 958 2248 ducere
977 2171 1102 2248 vitam

193 2280 399 2388 Auspiciis
420 2300 460 2357 et
480 2300 621 2388 sponte
643 2308 731 2359 mea
752 2308 976 2388 conponere
997 2308 1118 2377 curas,

195 2391 356 2470 Urbem
377 2394 598 2470 Troianam
618 2394 798 2499 primum
819 2392 1030 2499 dulcesque
1050 2413 1232 2472 meorum

194 2503 403 2610 Reliquias
424 2507 611 2599 colerem,
634 2504 782 2581 Priami
805 2522 908 2582 tecta
928 2505 1005 2582 alta
1026 2524 1240 2599 manerent,

193 2615 248 2693 Et
270 2615 445 2694 recidiva
465 2643 587 2693 manu
608 2616 824 2723 posuissem
853 2616 1043 2722 Pergama
1062 2618 1191 2695 victis.

194 2727 271 2805 Sed
291 2754 399 2806 nunc
419 2728 580 2805 Italiam
600 2754 787 2834 magnam
809 2727 992 2836 Gryneus
1012 2729 1175 2836 Apollo,

194 2837 355 2916 Italiam
377 2840 558 2949 Lyciae
547 2866 690 2918 russere
711 2865 907 2947 capessere
927 2858 1086 2934 sortes3.

195 2950 282 3028 Hic
303 2978 428 3046 amor,
450 2951 548 3029 haec
568 2953 696 3059 patria
717 2961 808 3064 est.
802 2986 808 3019 ι
847 2951 888 3029 Si
910 2971 948 3029 te
969 2950 1226 3057 Karthaginis
1245 2976 1364 3045 arces,

199 3014 469 3158 Phoenissain,
492 3022 808 3171 Libycaeque
769 3083 947 3171 aspectus
967 3063 1117 3142 detinet
1137 3062 1256 3158 urbis,

195 3174 312 3259 Quae
333 3174 507 3268 tandem,
529 3176 706 3253 Ausonia
725 3176 903 3253 Teucros
923 3175 1123 3253 considere
1143 3192 1255 3267 terra,

195 3283 355 3364 Invidia
376 3305 432 3364 est
440 3271 579 3399 [Γ
548 3305 654 3364 nos
674 3284 729 3365 fas
750 3305 884 3364 extera
905 3313 1090 3393 quaerere
1109 3311 1241 3392 regna.

196 3396 274 3474 Me
293 3400 417 3505 patris
437 3372 652 3492 Anchisae,
674 3400 859 3527 quotiens
879 3398 1106 3478 umentibus
1126 3398 1276 3477 umbris

196 3509 296 3587 Nox
317 3512 448 3617 operit
469 3530 602 3604 terras,
608 3512 807 3638 ‘quotiens
828 3527 927 3589 astra
947 3512 1063 3617 ignea
1082 3528 1261 3617 surgunt,

196 3620 437 3699 Admonet
427 3649 468 3699 1n
489 3624 637 3701 somnis
657 3642 696 3700 et
717 3622 875 3700 turbida
896 3641 1015 3700 terret
1035 3622 1194 3726 imag03

198 3732 274 3810 Me
295 3760 396 3840 puer
416 3734 610 3813 Ascanius
630 3736 850 3842 capitisque
871 3735 1014 3811 iniuria
1035 3733 1126 3826 cari,

196 3845 334 3930 Quem
355 3871 479 3950 regno
502 3846 720 3952 Hesperiae
740 3842 879 3922 fraudo
900 3865 939 3922 et
958 3842 1141 3923 fatalibus
1161 3842 1301 3971 arvis]

198 3957 323 4034 Nunc
345 3958 468 4033 etiam
489 3957 682 4065 interpres
703 3956 855 4049 divom,
877 3955 973 4034 love
994 3958 1132 4035 missus
1152 3954 1232 4034 ab
1221 3981 1364 4062 ipso-

195 4069 340 4147 Testor
361 4088 579 4175 utrumque
599 4069 918 4175 caput—celeres
938 4068 1121 4146 mandata
1140 4094 1210 4176 per
1230 4094 1362 4146 auras

197 4180 388 4274 Detulit3
421 4180 507 4285 ipse
528 4179 648 4257 deum
668 4176 909 4257 manifesto
899 4207 940 4257 1n
961 4181 1112 4258 lumine
1130 4178 1215 4258 vidi

197 4293 423 4372 Intrantem
443 4317 592 4386 muros,
612 4317 832 4397 vocemque
853 4291 915 4369 his
935 4292 1093 4370 auribus
1113 4288 1237 4370 hausi.
