3584 4522
198 434 337 513 Litora
356 454 452 515 nota
472 453 624 543 petens,
645 432 822 514 flammas
842 459 936 511 cum
956 433 1065 539 regia
1083 433 1228 560 puppis

195 546 424 641 Extulerat,
445 545 618 652 fatisque
639 545 759 625 deum
780 542 993 625 defensus
981 545 1131 652 tniquis

196 656 378 739 Inclusos
400 679 515 737 utero
536 659 697 738 Danaos
717 678 757 738 et
775 658 893 767 pinea
912 654 1054 736 furtim

197 770 325 850 Laxat
346 773 515 851 claustra
536 770 674 850 Sinon.
725 770 821 849 Illos
840 766 1058 878 patefactus
1077 767 1125 846 ad
1145 793 1254 857 auras

196 882 348 962 Reddit
370 908 510 989 equus,
531 883 706 990 laetique
727 909 823 960 cavo
843 907 882 959 se
903 880 1044 959 robore
1064 899 1254 988 promunt

192 994 468 1074 Thessandrus
485 994 775 1103 Sthenelusque
795 992 915 1072 duces
936 1011 974 1071 et
994 993 1101 1071 dirus
1121 991 1274 1086 Ulixes,

193 1105 429 1185 Demissum
450 1107 548 1213 lapsi
568 1133 641 1214 per
660 1104 811 1199 funem,
832 1106 1094 1234 Acamasque,
1113 1102 1342 1211 Thoasque,

193 1217 430 1324 Pelidesque
451 1219 760 1327 Neoptolemus,
780 1218 1013 1326 primusque
1034 1215 1252 1311 Machaon,

191 1329 246 1407 Et
270 1331 496 1425 Menelaus,
517 1350 557 1408 et
578 1332 663 1439 ipse
683 1331 764 1409 doli
784 1327 996 1409 fabricator
1016 1330 1161 1437 Epeus,

191 1440 394 1520 Invadunt
416 1444 559 1522 urbem
580 1470 722 1521 somno
742 1444 919 1551 vinoque
939 1443 1132 1551 sepultam
1152 1471 1163 1535 ;

190 1554 425 1632 Caeduntur
444 1556 601 1660 vigiles,
623 1555 827 1662 portisque
847 1555 1073 1663 patentibus
1093 1579 1228 1631 omnes

188 1666 415 1774 Accipiunt
436 1669 564 1745 socios
584 1684 703 1772 atque
723 1669 883 1773 agmina
903 1668 1059 1745 conscia
1077 1668 1263 1773 iungunt.

242 1890 427 1999 Tempus
448 1910 546 1985 erat,
568 1917 649 1997 quo
670 1891 802 1998 prima
822 1890 932 1996 quies
953 1888 1186 1967 mortalibus
1206 1889 1335 1993 aegris

187 1999 341 2109 Incipit
362 2021 402 2079 et
424 2003 530 2081 dono
552 2003 693 2081 divom
712 2002 933 2110 gratissima
952 2001 1101 2109 serpit:

186 2110 235 2190 In
256 2116 422 2208 somnis,
445 2141 550 2208 ecce,
573 2134 665 2193 ante
685 2115 819 2193 oculos
838 2114 1118 2193 maestissimus
1139 2113 1296 2192 Hector

189 2223 312 2303 Visus
332 2224 464 2304 adesse
485 2225 606 2320 mibi,
620 2226 829 2335 largosque
849 2225 1054 2304 effundere
1073 2222 1199 2321 fletus,

189 2335 386 2443 Raptatus
408 2337 527 2444 bigis,
550 2356 595 2415 ut
615 2338 831 2443 quondam,
849 2356 1010 2444 aterque
1037 2356 1201 2416 cruento

187 2446 374 2542 Pulvere,
396 2475 547 2556 perque
564 2449 684 2558 pedes
704 2452 891 2529 traiectus
910 2449 994 2527 lora
1013 2468 1224 2527 tumentes.

188 2559 274 2637 Hei
296 2560 417 2657 mihi,
441 2561 569 2667 qualis
590 2561 700 2641 erat!
734 2580 931 2668 quantum
951 2579 1127 2639 mutatus
1143 2560 1192 2640 ab
1212 2561 1283 2638 illo

188 2670 386 2766 Hectore,
406 2699 480 2778 qur
469 2672 605 2751 redit
625 2675 787 2752 exuvias
805 2672 969 2752 indutus
989 2671 1155 2767 Achilli,

187 2782 264 2860 Vel
284 2783 477 2862 Danaum
500 2784 701 2892 Phrygios
720 2786 914 2864 iaculatus
934 2784 1166 2912 puppibus
1154 2810 1295 2890 ignes.
1286 2783 1294 2841 ¹

187 2893 448 3000 Squalentem
468 2895 637 2975 barbam
657 2914 696 2975 et
716 2916 922 2976 concretos
940 2897 1133 3003 sanguine
1153 2898 1278 2975 crines

186 3005 445 3113 Volneraque
466 3009 534 3086 illa
555 3034 708 3114 gerens,
729 3035 832 3116 quae
852 3011 1007 3087 circum
1027 3008 1200 3114 plurima
1218 3031 1353 3086 muros

185 3117 365 3225 Accepit
384 3120 547 3226 patrios.
612 3119 734 3198 Ultro
754 3118 880 3199 flens
869 3147 953 3229 ipse
972 3118 1136 3198 videbar

186 3230 444 3337 Compellare
465 3233 604 3310 virum
624 3252 664 3310 et
684 3252 849 3311 maestas
869 3258 1104 3340 expromere
1121 3257 1238 3310 voces
1258 3258 1268 3308 ε

242 3451 281 3531 O
302 3455 374 3532 lux
395 3454 639 3551 Dardaniae,
660 3482 745 3563 spes
766 3483 789 3534 o
810 3451 1002 3535 fidissima
1019 3457 1239 3549 Teucrum,

186 3565 304 3650 Quae
325 3584 460 3644 tantae
481 3587 645 3646 tenuere
665 3571 834 3647 morae?
865 3569 1011 3676 quibus
1033 3568 1190 3645 Hector
1209 3565 1257 3644 ab
1278 3565 1358 3644 oris

184 3676 431 3783 Exspectate
451 3680 595 3759 venis?
626 3700 672 3758 ut
693 3698 732 3759 te
751 3700 842 3787 post
863 3681 991 3759 multa
1011 3697 1172 3758 tuorum

185 3789 359 3883 Funera,
381 3811 473 3897 post
493 3794 623 3870 varios
643 3791 939 3897 hominumque
960 3791 1149 3898 urbisque
1168 3788 1320 3867 labores

182 3898 341 3980 Defessi
363 3902 609 4008 aspicimus!
642 3929 744 4008 quae
767 3929 883 3982 causa
902 3903 1067 4008 indigna
1088 3926 1242 3980 serenos

189 4012 388 4090 Foedavit
409 4015 544 4091 voltus
561 4017 575 4092 i
608 4032 677 4093 aut
697 4040 768 4093 cur
787 4015 884 4093 haec
904 4015 1065 4092 volnera
1084 4015 1234 4092 cerno?

238 4234 312 4313 Ille
334 4235 454 4331 nihil,
475 4263 552 4315 nec
572 4264 638 4315 me
661 4258 921 4344 quaerentem
943 4265 1043 4316 vana
1063 4255 1253 4333 moratur,

855 4353 874 4386 L
883 4348 904 4386 0
