3584 4522
1616 315 1634 383 1

289 432 406 515 Haec
426 433 527 514 dum
546 432 755 514 Dardanio
774 434 937 513 Aeneae
957 433 1139 513 miranda
1156 432 1356 530 videntur,

231 544 346 626 Dum
366 565 514 655 stupet,
535 545 763 655 obtutuque
782 544 918 626 haeret
938 543 1123 626 defixus
1111 574 1153 626 rn
1174 573 1269 642 uno,
1547 567 1630 651 495

232 657 392 766 Regina
411 659 461 738 ad
480 658 695 766 templum,
713 654 844 736 forma
850 658 1133 788 'pulcherrima
1152 658 1276 753 Dido,

231 768 411 864 Incessit,
432 796 579 876 magna
600 771 793 849 iuvenum
812 771 986 877 stipante
1006 788 1174 850 caterva

231 883 404 968 Qualis
393 909 435 961 tn
456 881 683 960 Eurotae
652 883 750 989 rrpis
769 901 836 960 aut
854 909 927 989 per
945 884 1040 989 iuga
1060 882 1212 992 Cynthi

230 994 407 1074 Exercet
428 993 562 1072 Diana
582 993 740 1088 choros,
760 1019 883 1101 quam
902 994 1012 1072 mille
1031 1013 1186 1074 secutae

232 1106 348 1185 Hinc
370 1123 490 1212 atque
510 1104 609 1185 hinc
629 1106 902 1213 glomerantur
921 1103 1095 1185 Oreades
1114 1138 1126 1202 ;
1156 1105 1223 1183 illa
1243 1102 1475 1211 pharetram
1547 1130 1630 1213 500

230 1216 325 1296 Fert
346 1242 500 1312 umero,
522 1217 784 1325 gradiensque
803 1215 893 1296 deas
911 1218 1181 1326 supereminet
1199 1243 1337 1297 omnes
1357 1244 1368 1296 :

230 1328 407 1408 Latonae
428 1331 599 1409 tacitum
619 1346 890 1436 pertemptant
905 1328 1049 1436 gaudia
1067 1348 1206 1438 pectus
1227 1357 1238 1409 ε

229 1442 343 1520 Talis
363 1462 448 1521 erat
469 1441 595 1538 Dido,
615 1443 737 1520 talem
755 1468 795 1521 se
813 1442 916 1520 laeta
935 1440 1085 1522 ferebat

232 1551 308 1631 Per
329 1554 531 1649 medios,
519 1573 668 1633 instans
687 1554 798 1663 operi
818 1554 1028 1661 regnisque
1047 1551 1203 1634 futuris.

229 1665 342 1743 Tum
361 1662 514 1745 foribus
534 1665 661 1760 divae,
682 1666 815 1744 media
834 1665 1030 1744 testudine
1051 1666 1206 1773 templi,
1242 1739 1245 1745 .

232 1776 375 1884 Saepta
396 1779 531 1872 armis,
551 1778 733 1884 solioque
753 1777 828 1855 alte
847 1775 1017 1856 subnixa
1037 1779 1191 1856 resedit.

232 1887 328 1966 Iura
349 1888 469 1967 dabat
488 1889 735 1995 legesque
696 1889 806 1983 nris,
826 1915 1074 1996 operumque
1093 1889 1273 1968 laborem

233 1998 418 2080 Partibus
437 1999 635 2107 aequabat
654 2000 777 2094 iustis,
798 2018 868 2078 aut
887 2017 990 2078 sorte
1010 1999 1191 2079 trahebat
1211 2027 1221 2076 :

232 2112 341 2190 Cum
361 2111 496 2190 subito
516 2113 674 2191 Aeneas
696 2137 888 2191 concursu
907 2111 1091 2191 accedere
1110 2138 1258 2219 magno

229 2222 395 2302 Anthea
417 2223 725 2332 Sergestumque
744 2222 854 2302 videt
873 2221 1099 2331 fortemque
1120 2224 1381 2321 Cloanthum,
1549 2248 1630 2330 510

231 2336 566 2442 Teucrorumque
587 2335 696 2430 alios,
716 2352 799 2414 ater
819 2361 917 2442 quos
937 2362 1106 2442 aequore
1126 2336 1244 2416 turbo

231 2445 466 2554 Dispulerat
483 2448 723 2555 penitusque
742 2447 835 2526 alias
854 2466 1038 2526 avexerat
1058 2473 1156 2527 oras.

201 2667 501 2778 Qbstipuit
520 2669 673 2750 simul
661 2696 745 2778 rpse
764 2670 883 2748 simul
901 2670 1100 2777 perculsus
1119 2670 1294 2750 Achates

59 2800 123 2910 ,p
115 2814 220 2920 φφ
230 2782 485 2890 Laetitiaque
505 2801 725 2889 metuque;
757 2781 862 2860 avidi
883 2782 1124 2910 coniungere
1145 2782 1300 2862 dextras

216 2888 468 2992 Ardebant;
498 2893 566 2973 sed
585 2919 645 2973 res
665 2894 817 2973 animos
836 2894 1044 3000 incognita
1058 2893 1202 2977 turbat
1548 2919 1627 3002 515

231 2959 516 3102 Dissimulaht,
533 3023 573 3084 et
593 3006 699 3085 nube
720 3032 814 3084 cava
833 3006 1087 3112 speculantur
1107 3008 1261 3100 amicti,

230 3118 346 3203 Quae
366 3114 585 3197 fortuna
545 3117 655 3213 viris,
675 3118 835 3197 classem
854 3143 936 3224 quo
954 3118 1071 3197 litore
1092 3117 1291 3225 linquant,

229 3229 343 3314 Quid
362 3230 528 3309 veniant
545 3259 556 3325 ;
588 3230 742 3309 cunctis
762 3256 854 3309 nam
873 3230 969 3308 lecti
989 3227 1155 3308 navibus
1174 3230 1300 3326 ibant,

232 3339 403 3420 Orantes
422 3342 599 3436 veniam,
620 3361 660 3420 et
680 3343 877 3448 templum
896 3341 1070 3421 clamore
1088 3342 1291 3448 petebant.

99 3656 108 3676 x
288 3563 509 3671 Postquam
528 3564 757 3671 introgressi
778 3582 817 3643 et
837 3591 972 3644 coram
991 3564 1082 3643 data
1102 3566 1219 3671 copia
1236 3561 1358 3660 fandi,
1549 3588 1629 3670 520

230 3677 457 3755 Maxumus
479 3676 652 3756 Ilioneus
670 3676 827 3783 placido
846 3678 903 3755 sic
923 3695 1082 3782 pectore
1102 3678 1258 3783 coepit:

230 3785 268 3866 Ο
293 3787 466 3894 Regina,
486 3814 634 3866 novam
655 3815 720 3868 cur
708 3788 908 3867 condere
928 3787 1111 3895 Iuppiter
1131 3789 1271 3866 urbem

187 3898 470 4011 Iustitiaque
493 3899 606 3979 dedit
622 3920 757 4027 gentes
774 3895 927 3977 frenare
946 3899 1130 4027 superbas
1133 3913 1193 3997 ,3-

227 4012 354 4090 Troes
376 4029 415 4089 te
434 4011 585 4106 miseri,
604 4011 733 4090 ventis
751 4011 874 4088 maria
894 4011 1030 4088 omnia
1048 4012 1168 4106 vecti,

229 4124 417 4216 Oramus,
437 4121 609 4230 prohibe
630 4121 812 4200 infandos
831 4149 853 4199 a
873 4120 1067 4201 navibus
1057 4147 1180 4227 ignes,

229 4237 352 4316 Pasce
372 4235 442 4342 plo
463 4260 584 4342 genef
586 4263 613 4331 1,
633 4254 673 4313 et
692 4235 854 4342 propius
875 4260 933 4312 I’CS
954 4234 1084 4339 aspice
1103 4254 1264 4318 nostras:

903 4371 951 4416 22
