3376 4426
1522 176 1577 247 111

170 291 378 400 Conspexi
399 292 643 369 venientem.
705 290 817 371 Huic
837 318 918 387 me,
939 317 1215 403 quaecumque
1232 288 1385 391 fuisset,

172 404 330 483 Addixi
351 430 361 482 ε
392 404 486 482 satis
506 420 565 482 est
585 423 750 510 gentem
769 402 957 511 effugisse
976 402 1201 485 nefandam.

171 513 258 596 Vos
274 517 453 595 animam
474 513 577 593 hanc
597 516 732 622 potius
752 540 1011 625 quocumque
1029 518 1225 598 absumite
1243 517 1337 597 leto.

232 740 317 818 Vix
338 765 384 816 ea
402 735 507 816 fatus
529 757 627 834 erat,
649 765 809 818 summo
829 765 925 818 cum
945 759 1084 820 monte
1102 740 1284 821 videmus
1492 741 1517 821 6
1522 765 1544 848 ς
1550 766 1572 848 5

174 850 317 958 Ipsum
337 850 444 928 inter
463 850 635 957 pecudes
655 870 765 929 vasta
783 876 823 931 se
842 853 948 929 mole
968 872 1199 932 moventem

39 1054 48 1073 x
175 963 384 1042 Pastorem
407 960 709 1071 Polyphemum
730 982 769 1040 et
788 962 905 1041 litora
924 980 1019 1042 nota
1036 982 1254 1072 petentem,
1307 1044 1311 1051 ,
1374 990 1385 1061 t
1471 1058 1523 1071 .-

35 1096 132 1171 ἠρῶ
162 1074 415 1173 „Monstrum
434 1073 697 1168 horrendum,
717 1070 902 1175 informe,
922 1056 1587 1191 ingens,cm.'luu3e-nj‘dqfiptum„

19 1193 48 1211 ''
172 1189 340 1265 Trunca
359 1212 483 1264 manu
503 1186 621 1294 pinus
641 1187 746 1292 regit
765 1205 805 1265 et
823 1172 1227 1293 vestigia‘fi‘rmatff‘
1361 1216 1365 1221 ·
1498 1178 1508 1187 ’

38 1337 64 1395 '.-.
84 1340 89 1363 =
113 1388 116 1395 ,
173 1300 398 1406 Lanigerae
418 1299 667 1379 comitantur
686 1324 779 1377 oves
795 1330 807 1395 3
837 1299 982 1379 casola
1000 1300 1181 1409 voluptas
1493 1297 1576 1381 660

35 1410 38 1419 '
174 1413 444 1518 Solamenque
464 1410 572 1489 mali.

174 1524 395 1630 Postquam
415 1523 513 1601 altos
534 1522 670 1628 tetigit
689 1518 832 1600 fluctus
851 1540 892 1601 et
911 1520 961 1600 ad
980 1548 1152 1630 aequora
1170 1523 1294 1619 venit,

173 1636 363 1714 Luminis
383 1634 514 1713 effossi
534 1631 707 1712 fluidum
725 1634 823 1713 lavit
843 1634 937 1713 inde
957 1660 1154 1731 cruorem,

173 1746 379 1827 Dentibus
399 1744 628 1825 infrendens
649 1747 819 1853 gemitu,
835 1746 1097 1855 graditurque
1115 1772 1187 1855 per
1205 1771 1354 1854 aequor

174 1857 264 1937 Iam
284 1858 482 1952 medium,
504 1858 680 1936 necdum
699 1854 841 1937 fluctus
860 1858 982 1937 latera
1001 1859 1122 1938 ardua
1141 1858 1277 1938 tinxit.
1496 1855 1549 1939 66
1553 1882 1576 1967 5

175 1971 264 2049 Nos
284 1970 428 2076 procul
448 1968 541 2047 inde
562 1967 703 2075 fugam
723 1969 873 2077 trepidi
893 1970 1076 2067 celerare,
1096 1990 1255 2079 recepto

175 2083 369 2190 Supplice
389 2082 446 2159 sic
466 2081 628 2176 merito,
648 2080 842 2188 tacitique
861 2081 1039 2161 incidere
1058 2080 1197 2161 funem
1213 2114 1225 2180 3

178 2195 387 2272 Verrimus
407 2212 447 2271 et
467 2194 585 2300 proni
606 2191 849 2272 certantibus
868 2218 1039 2300 aequora
1058 2194 1189 2275 remis.

5 2298 320 2409 aspis-§ensis
342 2323 382 2383 et
402 2304 452 2383 ad
472 2306 651 2383 sonitum
670 2305 780 2383 vocis
799 2304 968 2411 vestigia
988 2306 1113 2385 torsit.

14 2409 91 2459 ³⁵²³
165 2417 336 2505 ¹Verum
356 2416 427 2496 ubi
449 2417 559 2495 nulla
580 2415 697 2494 datur
715 2416 854 2495 dextra
874 2412 1070 2497 adfectare
1088 2433 1273 2525 potestas,
1499 2414 1582 2525 670

86 2631 90 2639 Ι
166 2530 269 2608 <Nec
289 2530 397 2638 potis
418 2528 555 2607 Ionios
575 2527 718 2607 fluctus
737 2553 904 2636 aequare
922 2528 1137 2636 sequendo,

31 2632 413 2753 oo·1j'g;‚CIam0rem
433 2642 664 2719 inmensum
684 2640 803 2735 tollit,
825 2666 907 2747 quo
926 2659 1073 2748 pontus
1092 2659 1134 2719 et
1151 2666 1288 2721 omnes

51 2730 141 2849 nse·
165 2753 474 2854 ¹,Contremuere
495 2751 637 2846 undae,
658 2753 897 2860 penitusque
917 2754 1105 2831 exterrita
1124 2753 1238 2831 tellus

178 2865 333 2959 Italiae,
354 2865 567 2971 curvisque
587 2865 779 2971 inmugiit
799 2866 931 2943 Aetna
950 2866 1137 2943 cavernis.

89 3017 124 3080 μ,
179 2978 240 3057 At
261 3003 387 3085 genus
408 3005 430 3055 e
450 2978 558 3055 silvis
579 2977 806 3084 Cyclopum
827 2994 867 3054 et
887 2976 1093 3056 montibus
1112 2976 1199 3054 altis
1502 2975 1581 3086 675

181 3090 379 3169 Excitum
399 3090 481 3167 ruit
501 3087 549 3166 ad
571 3107 709 3195 portus
729 3108 769 3167 et
788 3089 905 3166 litora
925 3089 1125 3195 conplent.

183 3203 399 3281 Cernimus
420 3201 615 3280 adstantes
635 3201 884 3307 nequiquam
904 3201 1057 3280 lumine
1076 3218 1191 3279 torvo

183 3314 386 3393 Aetnaeos
406 3310 559 3407 fratres,
581 3313 689 3390 caelo
710 3313 840 3419 capita
861 3313 938 3390 alta
958 3310 1139 3406 ferentes,

60 3416 88 3527 ,Ἠ
161 3360 419 3504 leoncilium
440 3424 718 3503 horrendum:
751 3426 884 3530 quales
904 3451 998 3502 cum
1016 3424 1163 3513 vertice
1183 3424 1287 3502 celso
1487 3491 1493 3503 .

15 3528 49 3579 ³³
79 3506 331 3615 ⁷¹³²·''2lAeriae
353 3563 534 3643 quercus,
551 3555 628 3634 ,aut
633 3534 839 3633 coniferae
859 3537 1069 3644 cyparissi,
1116 3537 1201 3583 '‘⁵⁴“
1215 3552 1222 3588 ⁸
1234 3512 1297 3596 Μ
1507 3533 1587 3616 680

159 3610 481 3743 bConstiterunt,
502 3649 599 3727 silva
619 3649 696 3726 alta
718 3647 838 3742 Iovis,
858 3648 1019 3725 lucusve
1039 3647 1205 3725 Dianae.

244 3870 488 3978 Praecipites
508 3888 638 3948 metus
658 3896 747 3949 acer
767 3872 850 3976 agit
871 3896 1126 3976 quocumque
1145 3868 1327 3949 rudentes

184 3984 402 4077 Excutere,
423 4001 464 4060 et
483 3984 613 4061 ventis
632 3982 838 4061 intendere
857 3982 947 4058 vela
966 3982 1157 4060 secundis.

186 4096 339 4175 Contra
359 4097 461 4174 iussa
481 4116 647 4173 monent
670 4095 833 4188 Heleni,
855 4094 1025 4202 Scyllam
1046 4112 1165 4201 atque
1186 4093 1436 4202 Charybdim

184 4208 310 4304 Inter,
332 4226 547 4314 utramque
567 4209 677 4286 viam
696 4208 767 4285 leti
789 4207 1018 4285 discrimine
1037 4234 1172 4313 parvo,
1509 4202 1560 4283 68
1567 4230 1588 4311 ς

852 4318 927 4422 146
