3584 4522
188 433 226 514 Ο
248 434 555 538 socii,—neque
575 425 686 504 enim
704 425 835 533 ignari
856 453 992 513 sumus
1012 453 1104 514 ante
1124 438 1381 520 malorum-

131 545 170 624 0
192 549 295 655 passi
316 546 512 653 graviora,
534 537 649 618 dabit
669 535 764 617 deus
783 535 846 620 his
866 567 1028 653 quoque
1047 544 1184 630 finem.

132 658 217 738 Vos
237 678 276 738 et
298 659 518 766 Scyllaeam
539 648 692 730 rabiem
710 649 949 762 penitusque
968 678 1150 740 sonantes

130 772 312 850 Accestis
332 768 529 874 scopulos,
549 789 621 843 vos
642 780 681 841 et
702 761 897 870 Cyclopia
916 795 1006 848 saxa

130 882 300 989 Experti
322 907 331 957 :
364 895 546 957 revocate
566 873 733 969 animos,
753 897 1030 989 maestumque
1049 884 1238 965 timorem

132 994 322 1073 Mittite:
355 989 484 1069 forsan
506 1008 545 1068 et
565 986 664 1066 haec
685 985 786 1066 olim
804 994 1037 1074 meminisse
1058 995 1230 1077 iuvabit.

46 1099 55 1111 ”
80 1106 209 1184 'ijer
228 1104 359 1182 varios
379 1128 502 1196 casus,
523 1128 594 1209 per
616 1117 677 1178 tot
696 1098 935 1223 discrimiqa0
947 1133 1081 1207 rerum

90 1192 105 1274 f
128 1215 617 1311 EndimusiuLatium,
638 1210 746 1291 sedes
767 1211 836 1292 ubi
856 1198 1112 1327 fata⁶qi1ietas

130 1326 392 1423 Ostendunt;
424 1327 507 1406 illic
526 1323 583 1405 fas
603 1351 725 1433 regna
743 1351 946 1437 resurgere
964 1333 1125 1413 Troiae.

56 1434 299 1583 plDuraateJ
321 1459 360 1519 et
379 1458 535 1519 vosmet
555 1438 671 1519 rebus
690 1458 839 1519 servate
858 1445 1052 1525 secundis.

185 1664 302 1773 [alia
322 1692 421 1743 voce
442 1661 573 1758 refert,
594 1663 779 1771 curisque
798 1664 1028 1773 ingentibus
1048 1695 1167 1777 aeger

128 1766 385 1883 Spem'vo'l'tu'
398 1766 577 1872 simulat,
599 1778 748 1884 premit
768 1778 894 1857 altum
914 1782 1032 1860 corde
1051 1781 1244 1863 dolorem.

128 1887 196 1967 Illi
216 1915 256 1968 se
276 1889 444 1996 praedae
465 1890 683 1997 accingunt
703 1888 949 2000 dapibusque
968 1891 1113 1973 futuris
1133 1920 1144 1971 :

125 2001 308 2109 Tergora
328 2000 532 2109 deripiunt
552 2004 670 2083 costis
690 2020 730 2081 et
749 2004 899 2083 viscera
919 2004 1074 2084 nudant
1092 2031 1103 2106 ;

128 2113 222 2193 Pars
243 2113 285 2192 in
307 2112 431 2193 frusta
451 2134 583 2194 secant
602 2114 844 2223 veribusque
864 2119 1077 2196 trementia
1096 2114 1231 2227 figunt
1250 2149 1261 2215 ;

126 2226 267 2306 Litore
288 2254 388 2306 aena
406 2229 539 2306 locant
559 2229 642 2325 alii,
662 2226 921 2338 flammasque
940 2231 1183 2310 ministrant.

68 2331 237 2417 ”Tum
256 2341 371 2418 victu
392 2358 580 2419 revocant
599 2342 714 2437 vires,
734 2337 893 2449 fusique
912 2370 984 2450 per
1002 2341 1171 2422 herbam

124 2449 338 2558 Inplentur
358 2454 501 2531 veteris
522 2451 673 2533 Bacchi
694 2454 937 2563 pinguisque
955 2451 1119 2534 ferinae.

120 2563 340 2672 Postquam
361 2584 546 2672 exempta
565 2564 688 2645 fames
707 2567 833 2673 epulis
853 2592 1090 2674 mensaeque
1110 2585 1299 2665 remotae,

118 2677 300 2758 Amissos
319 2680 442 2784 longo
463 2679 590 2758 socios
609 2703 790 2773 sermone
810 2679 1033 2787 requirunt,

119 2790 322 2899 Spemque
344 2809 582 2898 metumque
601 2791 706 2868 inter
725 2789 853 2886 dubii,
874 2817 942 2871 seu
960 2793 1095 2870 vivere
1115 2790 1292 2888 credant,

119 2903 213 2983 Sive
234 2924 414 2984 extrema
433 2904 518 3009 pati
538 2927 612 2981 nec
632 2902 715 2979 iam
735 2902 921 2981 exaudire
940 2921 1115 2984 vocatos.

116 3016 341 3125 Praecipue
361 3015 452 3123 pius
473 3015 628 3094 Aeneas
648 3039 756 3093 nune
776 3016 877 3094 acris
898 3014 1060 3110 Oronti,

119 3129 245 3209 Nunc
266 3129 418 3236 Amyci
441 3153 576 3205 casum
596 3126 724 3234 gemit
743 3143 784 3205 et
803 3126 978 3206 crudelia
997 3152 1135 3207 secum

112 3241 220 3345 „Fata
240 3241 357 3350 Lyci,
378 3236 607 3347 fortemque
629 3237 763 3346 Gyan,
782 3234 1010 3346 fortemque
1032 3236 1294 3318 Cloanthum.

153 3463 227 3554 ,Et
247 3465 328 3543 iarn
348 3462 439 3544 finis
460 3482 555 3558 erat,
576 3489 670 3541 curn
698 3460 882 3569 Iuppiter
902 3460 1060 3541 aethere
1079 3489 1239 3542 summo

115 3577 352 3685 Despiciens
371 3602 482 3654 mare
501 3575 721 3653 velivolum
740 3592 943 3682 terrasque
961 3575 1139 3654 iacentes

117 3689 336 3795 Litoraque
357 3707 397 3766 et
417 3690 515 3766 latos
536 3687 720 3795 populos,
740 3687 797 3766 sic
817 3688 965 3765 vertice
985 3685 1085 3766 caeli

116 3801 315 3880 Constitit
335 3820 375 3878 et
396 3799 551 3907 Libyae
571 3794 711 3878 defixit
730 3800 884 3877 lumina
906 3800 1051 3905 regnis.

6 3908 10 3916 ’
114 3915 256 4020 Atque
275 3913 392 3991 illum
413 3913 508 3990 tales
529 3913 744 3990 iactantem
763 3929 926 4018 pectore
946 3935 1058 3989 curas

113 4025 290 4104 Tristior
311 4043 350 4102 et
370 4025 545 4102 lacrimis
566 4022 701 4101 oculos
721 4021 868 4101 suffusa
888 4023 1061 4101 nitentes

114 4137 367 4242 Adloquitur
389 4137 556 4214 Venus:
589 4133 628 4217 O
650 4134 720 4241 qui
742 4160 801 4213 res
821 4132 1119 4241 hominumque
1146 4131 1349 4242 deumque

114 4249 303 4329 Aeternis
325 4250 429 4354 regis
449 4247 642 4355 imperiis,
664 4263 704 4323 et
722 4242 892 4324 fulmine
914 4265 1047 4341 terres,
1435 4272 1516 4356 230
