<?xml version="1.0" encoding="UTF-8"?>
<!DOCTYPE html PUBLIC "-//W3C//DTD XHTML 1.0 Transitional//EN"
    "http://www.w3.org/TR/xhtml1/DTD/xhtml1-transitional.dtd">
<html xmlns="http://www.w3.org/1999/xhtml" xml:lang="en" lang="en">
 <head>
  <title>
</title>
<meta http-equiv="Content-Type" content="text/html;charset=utf-8" />
  <meta name='ocr-system' content='tesseract 3.04.00' />
  <meta name='ocr-capabilities' content='ocr_page ocr_carea ocr_par ocr_line ocrx_word'/>
</head>
<body>
  <div class='ocr_page' id='page_1' title='image "aeneidvirgil00billgoog_0106.png"; bbox 0 0 3584 4522; ppageno 0'>
   <div class='ocr_carea' id='block_1_1' title="bbox 182 450 1307 1014">
    <p class='ocr_par' dir='ltr' id='par_1_1' title="bbox 182 450 1184 566">
     <span class='ocr_line' id='line_1_1' title="bbox 182 450 1184 566; baseline -0.003 -29"><span class='ocrx_word' id='word_1_1' title='bbox 182 456 345 537; x_wconf 87' lang='lat' dir='ltr'>Erranti</span> <span class='ocrx_word' id='word_1_2' title='bbox 368 459 597 566; x_wconf 84' lang='lat' dir='ltr'>passimque</span> <span class='ocrx_word' id='word_1_3' title='bbox 619 455 754 535; x_wconf 92' lang='lat' dir='ltr'>oculos</span> <span class='ocrx_word' id='word_1_4' title='bbox 775 481 846 561; x_wconf 91' lang='lat' dir='ltr'>per</span> <span class='ocrx_word' id='word_1_5' title='bbox 864 474 1009 534; x_wconf 89' lang='lat' dir='ltr'>cuncta</span> <span class='ocrx_word' id='word_1_6' title='bbox 1028 450 1184 534; x_wconf 86' lang='lat' dir='ltr'>ferenti.</span> 
     </span>
    </p>

    <p class='ocr_par' dir='ltr' id='par_1_2' title="bbox 183 565 1178 673">
     <span class='ocr_line' id='line_1_2' title="bbox 183 565 1178 673; baseline -0.003 -24"><span class='ocrx_word' id='word_1_7' title='bbox 183 568 258 649; x_wconf 92' lang='lat' dir='ltr'>Illa</span> <span class='ocrx_word' id='word_1_8' title='bbox 278 571 355 652; x_wconf 89' lang='lat' dir='ltr'>sibi</span> <span class='ocrx_word' id='word_1_9' title='bbox 376 568 542 651; x_wconf 90' lang='lat' dir='ltr'>infestos</span> <span class='ocrx_word' id='word_1_10' title='bbox 562 594 696 647; x_wconf 86' lang='lat' dir='ltr'>eversa</span> <span class='ocrx_word' id='word_1_11' title='bbox 715 565 766 646; x_wconf 95' lang='lat' dir='ltr'>ob</span> <span class='ocrx_word' id='word_1_12' title='bbox 788 566 982 673; x_wconf 86' lang='lat' dir='ltr'>Pergama</span> <span class='ocrx_word' id='word_1_13' title='bbox 1000 568 1178 647; x_wconf 90' lang='lat' dir='ltr'>Teucros</span> 
     </span>
    </p>

    <p class='ocr_par' dir='ltr' id='par_1_3' title="bbox 182 678 1307 1014">
     <span class='ocr_line' id='line_1_3' title="bbox 182 678 1142 791; baseline -0.006 -28"><span class='ocrx_word' id='word_1_14' title='bbox 182 682 239 763; x_wconf 91' lang='lat' dir='ltr'>Et</span> <span class='ocrx_word' id='word_1_15' title='bbox 259 709 408 791; x_wconf 91' lang='lat' dir='ltr'>poenas</span> <span class='ocrx_word' id='word_1_16' title='bbox 429 682 620 761; x_wconf 90' lang='lat' dir='ltr'>Danaum</span> <span class='ocrx_word' id='word_1_17' title='bbox 639 700 680 759; x_wconf 86' lang='lat' dir='ltr'>et</span> <span class='ocrx_word' id='word_1_18' title='bbox 701 678 843 759; x_wconf 88' lang='lat' dir='ltr'>deserti</span> <span class='ocrx_word' id='word_1_19' title='bbox 864 680 1046 785; x_wconf 85' lang='lat' dir='ltr'>coniugis</span> <span class='ocrx_word' id='word_1_20' title='bbox 1066 681 1142 759; x_wconf 93' lang='lat' dir='ltr'>iras</span> 
     </span>
     <span class='ocr_line' id='line_1_4' title="bbox 185 791 1307 899; baseline -0.004 -24"><span class='ocrx_word' id='word_1_21' title='bbox 185 796 485 889; x_wconf 90' lang='lat' dir='ltr'>Praemetuens,</span> <span class='ocrx_word' id='word_1_22' title='bbox 504 793 653 872; x_wconf 87' lang='lat' dir='ltr'>Troiae</span> <span class='ocrx_word' id='word_1_23' title='bbox 673 812 713 871; x_wconf 88' lang='lat' dir='ltr'>et</span> <span class='ocrx_word' id='word_1_24' title='bbox 732 792 882 898; x_wconf 82' lang='lat' dir='ltr'>patriae</span> <span class='ocrx_word' id='word_1_25' title='bbox 903 792 1129 870; x_wconf 91' lang='lat' dir='ltr'>communis</span> <span class='ocrx_word' id='word_1_26' title='bbox 1148 791 1307 899; x_wconf 84' lang='lat' dir='ltr'>Erinys,</span> 
     </span>
     <span class='ocr_line' id='line_1_5' title="bbox 183 903 1085 1014; baseline -0.007 -25"><span class='ocrx_word' id='word_1_27' title='bbox 183 907 411 989; x_wconf 90' lang='lat' dir='ltr'>Abdiderat</span> <span class='ocrx_word' id='word_1_28' title='bbox 431 932 514 985; x_wconf 89' lang='lat' dir='ltr'>sese</span> <span class='ocrx_word' id='word_1_29' title='bbox 534 924 655 1014; x_wconf 87' lang='lat' dir='ltr'>atque</span> <span class='ocrx_word' id='word_1_30' title='bbox 676 905 751 983; x_wconf 91' lang='lat' dir='ltr'>aris</span> <span class='ocrx_word' id='word_1_31' title='bbox 771 903 897 981; x_wconf 90' lang='lat' dir='ltr'>invisa</span> <span class='ocrx_word' id='word_1_32' title='bbox 915 903 1085 983; x_wconf 86' lang='lat' dir='ltr'>sedebat.</span> 
     </span>
    </p>
   </div>
   <div class='ocr_carea' id='block_1_2' title="bbox 185 1126 1379 2244">
    <p class='ocr_par' dir='ltr' id='par_1_4' title="bbox 185 1126 1379 2244">
     <span class='ocr_line' id='line_1_6' title="bbox 244 1126 1200 1237; baseline -0.005 -27"><span class='ocrx_word' id='word_1_33' title='bbox 244 1132 438 1210; x_wconf 85' lang='lat' dir='ltr'>Exarsere</span> <span class='ocrx_word' id='word_1_34' title='bbox 458 1130 571 1237; x_wconf 87' lang='lat' dir='ltr'>ignes</span> <span class='ocrx_word' id='word_1_35' title='bbox 592 1130 728 1207; x_wconf 91' lang='lat' dir='ltr'>animo</span> <span class='ocrx_word' id='word_1_36' title='bbox 748 1160 759 1223; x_wconf 91' lang='lat'><strong>;</strong></span> <span class='ocrx_word' id='word_1_37' title='bbox 790 1126 896 1205; x_wconf 90' lang='lat' dir='ltr'>subit</span> <span class='ocrx_word' id='word_1_38' title='bbox 917 1127 974 1205; x_wconf 91' lang='lat' dir='ltr'>ira</span> <span class='ocrx_word' id='word_1_39' title='bbox 993 1126 1200 1206; x_wconf 89' lang='lat' dir='ltr'>cadentem</span> 
     </span>
     <span class='ocr_line' id='line_1_7' title="bbox 186 1242 1172 1349; baseline -0.005 -27"><span class='ocrx_word' id='word_1_40' title='bbox 186 1244 343 1323; x_wconf 90' lang='lat' dir='ltr'>Ulcisci</span> <span class='ocrx_word' id='word_1_41' title='bbox 364 1242 538 1349; x_wconf 92' lang='lat' dir='ltr'>patriam</span> <span class='ocrx_word' id='word_1_42' title='bbox 558 1261 599 1319; x_wconf 94' lang='lat' dir='ltr'>et</span> <span class='ocrx_word' id='word_1_43' title='bbox 618 1242 820 1320; x_wconf 89' lang='lat' dir='ltr'>sceleratas</span> <span class='ocrx_word' id='word_1_44' title='bbox 840 1264 993 1318; x_wconf 91' lang='lat' dir='ltr'>sumere</span> <span class='ocrx_word' id='word_1_45' title='bbox 1015 1266 1172 1346; x_wconf 90' lang='lat' dir='ltr'>poenas.</span> 
     </span>
     <span class='ocr_line' id='line_1_8' title="bbox 187 1352 1369 1461; baseline -0.002 -27"><span class='ocrx_word' id='word_1_46' title='bbox 187 1356 350 1435; x_wconf 90' lang='lat' dir='ltr'>Scilicet</span> <span class='ocrx_word' id='word_1_47' title='bbox 372 1352 471 1432; x_wconf 89' lang='lat' dir='ltr'>haec</span> <span class='ocrx_word' id='word_1_48' title='bbox 493 1353 678 1460; x_wconf 89' lang='lat' dir='ltr'>Spartam</span> <span class='ocrx_word' id='word_1_49' title='bbox 697 1352 909 1431; x_wconf 90' lang='lat' dir='ltr'>incolumis</span> <span class='ocrx_word' id='word_1_50' title='bbox 929 1353 1152 1459; x_wconf 90' lang='lat' dir='ltr'>patriasque</span> <span class='ocrx_word' id='word_1_51' title='bbox 1173 1352 1369 1461; x_wconf 85' lang='lat' dir='ltr'>Mycenas</span> 
     </span>
     <span class='ocr_line' id='line_1_9' title="bbox 185 1462 1125 1573; baseline -0.006 -24"><span class='ocrx_word' id='word_1_52' title='bbox 185 1468 402 1573; x_wconf 81' lang='lat' dir='ltr'>Aspicict?</span> <span class='ocrx_word' id='word_1_53' title='bbox 434 1484 633 1573; x_wconf 92' lang='lat' dir='ltr'>partoque</span> <span class='ocrx_word' id='word_1_54' title='bbox 654 1465 730 1544; x_wconf 91' lang='lat' dir='ltr'>ibit</span> <span class='ocrx_word' id='word_1_55' title='bbox 747 1464 882 1570; x_wconf 89' lang='lat' dir='ltr'>regina</span> <span class='ocrx_word' id='word_1_56' title='bbox 903 1462 1125 1572; x_wconf 91' lang='lat' dir='ltr'>triumpho,</span> 
     </span>
     <span class='ocr_line' id='line_1_10' title="bbox 188 1576 1379 1685; baseline -0.003 -25"><span class='ocrx_word' id='word_1_57' title='bbox 188 1580 538 1685; x_wconf 86' lang='lat' dir='ltr'>Coniuginmque,</span> <span class='ocrx_word' id='word_1_58' title='bbox 561 1577 822 1683; x_wconf 91' lang='lat' dir='ltr'>domumque,</span> <span class='ocrx_word' id='word_1_59' title='bbox 842 1596 984 1683; x_wconf 90' lang='lat' dir='ltr'>patres,</span> <span class='ocrx_word' id='word_1_60' title='bbox 1005 1596 1195 1685; x_wconf 90' lang='lat' dir='ltr'>natosque</span> <span class='ocrx_word' id='word_1_61' title='bbox 1213 1576 1379 1673; x_wconf 92' lang='lat' dir='ltr'>videbit,</span> 
     </span>
     <span class='ocr_line' id='line_1_11' title="bbox 189 1686 1227 1796; baseline -0.002 -26"><span class='ocrx_word' id='word_1_62' title='bbox 189 1691 366 1771; x_wconf 89' lang='lat' dir='ltr'>Iliadum</span> <span class='ocrx_word' id='word_1_63' title='bbox 387 1690 505 1769; x_wconf 91' lang='lat' dir='ltr'>turba</span> <span class='ocrx_word' id='word_1_64' title='bbox 525 1706 565 1766; x_wconf 92' lang='lat' dir='ltr'>et</span> <span class='ocrx_word' id='word_1_65' title='bbox 586 1686 771 1796; x_wconf 85' lang='lat' dir='ltr'>Phrygiis</span> <span class='ocrx_word' id='word_1_66' title='bbox 792 1688 983 1767; x_wconf 89' lang='lat' dir='ltr'>comitata</span> <span class='ocrx_word' id='word_1_67' title='bbox 1003 1690 1227 1769; x_wconf 84' lang='lat' dir='ltr'>ministris?</span> 
     </span>
     <span class='ocr_line' id='line_1_12' title="bbox 189 1798 1242 1908; baseline -0.003 -25"><span class='ocrx_word' id='word_1_68' title='bbox 189 1802 404 1884; x_wconf 91' lang='lat' dir='ltr'>Occiderit</span> <span class='ocrx_word' id='word_1_69' title='bbox 425 1798 530 1880; x_wconf 85' lang='lat' dir='ltr'>ferro</span> <span class='ocrx_word' id='word_1_70' title='bbox 555 1799 769 1878; x_wconf 83' lang='lat' dir='ltr'>Priamus?</span> <span class='ocrx_word' id='word_1_71' title='bbox 827 1800 949 1878; x_wconf 89' lang='lat' dir='ltr'>Troia</span> <span class='ocrx_word' id='word_1_72' title='bbox 970 1801 1106 1878; x_wconf 90' lang='lat' dir='ltr'>arserit</span> <span class='ocrx_word' id='word_1_73' title='bbox 1126 1802 1242 1908; x_wconf 84' lang='lat' dir='ltr'>igni?</span> 
     </span>
     <span class='ocr_line' id='line_1_13' title="bbox 187 1911 1134 2018; baseline -0.006 -22"><span class='ocrx_word' id='word_1_74' title='bbox 187 1916 443 1996; x_wconf 90' lang='lat' dir='ltr'>Dardanium</span> <span class='ocrx_word' id='word_1_75' title='bbox 466 1912 611 1991; x_wconf 91' lang='lat' dir='ltr'>totiens</span> <span class='ocrx_word' id='word_1_76' title='bbox 632 1911 781 1991; x_wconf 92' lang='lat' dir='ltr'>sudarit</span> <span class='ocrx_word' id='word_1_77' title='bbox 800 1913 992 2018; x_wconf 89' lang='lat' dir='ltr'>sanguine</span> <span class='ocrx_word' id='word_1_78' title='bbox 1011 1914 1134 1991; x_wconf 91' lang='lat' dir='ltr'>litus?</span> 
     </span>
     <span class='ocr_line' id='line_1_14' title="bbox 189 2023 1343 2131; baseline -0.003 -25"><span class='ocrx_word' id='word_1_79' title='bbox 189 2030 287 2108; x_wconf 93' lang='lat' dir='ltr'>Non</span> <span class='ocrx_word' id='word_1_80' title='bbox 309 2028 377 2106; x_wconf 89' lang='lat' dir='ltr'>ita.</span> <span class='ocrx_word' id='word_1_81' title='bbox 439 2026 632 2131; x_wconf 88' lang='lat' dir='ltr'>Namque</span> <span class='ocrx_word' id='word_1_82' title='bbox 653 2025 724 2102; x_wconf 90' lang='lat' dir='ltr'>etsi</span> <span class='ocrx_word' id='word_1_83' title='bbox 744 2024 900 2102; x_wconf 91' lang='lat' dir='ltr'>nullum</span> <span class='ocrx_word' id='word_1_84' title='bbox 919 2023 1177 2103; x_wconf 87' lang='lat' dir='ltr'>memorabile</span> <span class='ocrx_word' id='word_1_85' title='bbox 1197 2051 1343 2103; x_wconf 91' lang='lat' dir='ltr'>nomen</span> 
     </span>
     <span class='ocr_line' id='line_1_15' title="bbox 190 2135 1284 2244; baseline -0.004 -25"><span class='ocrx_word' id='word_1_86' title='bbox 190 2138 385 2219; x_wconf 88' lang='lat' dir='ltr'>Feminea</span> <span class='ocrx_word' id='word_1_87' title='bbox 405 2139 447 2215; x_wconf 92' lang='lat' dir='ltr'>in</span> <span class='ocrx_word' id='word_1_88' title='bbox 469 2163 597 2244; x_wconf 90' lang='lat' dir='ltr'>poena</span> <span class='ocrx_word' id='word_1_89' title='bbox 618 2155 674 2214; x_wconf 89' lang='lat' dir='ltr'>est</span> <span class='ocrx_word' id='word_1_90' title='bbox 695 2162 768 2214; x_wconf 91' lang='lat' dir='ltr'>nec</span> <span class='ocrx_word' id='word_1_91' title='bbox 784 2135 904 2215; x_wconf 90' lang='lat' dir='ltr'>habet</span> <span class='ocrx_word' id='word_1_92' title='bbox 922 2137 1091 2215; x_wconf 90' lang='lat' dir='ltr'>victoria</span> <span class='ocrx_word' id='word_1_93' title='bbox 1111 2136 1284 2234; x_wconf 85' lang='lat' dir='ltr'>laudem,</span> 
     </span>
    </p>
   </div>
   <div class='ocr_carea' id='block_1_3' title="bbox 189 2245 1241 2567">
    <p class='ocr_par' dir='ltr' id='par_1_5' title="bbox 189 2245 1241 2567">
     <span class='ocr_line' id='line_1_16' title="bbox 189 2245 1229 2356; baseline -0.001 -26"><span class='ocrx_word' id='word_1_94' title='bbox 189 2250 441 2331; x_wconf 88' lang='lat' dir='ltr'>Exstinxisse</span> <span class='ocrx_word' id='word_1_95' title='bbox 462 2245 571 2327; x_wconf 89' lang='lat' dir='ltr'>nefas</span> <span class='ocrx_word' id='word_1_96' title='bbox 593 2266 725 2326; x_wconf 88' lang='lat' dir='ltr'>tamen</span> <span class='ocrx_word' id='word_1_97' title='bbox 747 2267 786 2326; x_wconf 91' lang='lat' dir='ltr'>et</span> <span class='ocrx_word' id='word_1_98' title='bbox 805 2250 1015 2356; x_wconf 86' lang='lat' dir='ltr'>sumpsisse</span> <span class='ocrx_word' id='word_1_99' title='bbox 1035 2268 1229 2329; x_wconf 90' lang='lat' dir='ltr'>merentes</span> 
     </span>
     <span class='ocr_line' id='line_1_17' title="bbox 190 2359 1241 2468; baseline -0.002 -26"><span class='ocrx_word' id='word_1_100' title='bbox 190 2361 407 2442; x_wconf 91' lang='lat' dir='ltr'>Laudabor</span> <span class='ocrx_word' id='word_1_101' title='bbox 427 2385 588 2467; x_wconf 85' lang='lat' dir='ltr'>poenas,</span> <span class='ocrx_word' id='word_1_102' title='bbox 610 2359 871 2468; x_wconf 89' lang='lat' dir='ltr'>animumque</span> <span class='ocrx_word' id='word_1_103' title='bbox 891 2362 1066 2467; x_wconf 85' lang='lat' dir='ltr'>explesse</span> <span class='ocrx_word' id='word_1_104' title='bbox 1087 2361 1241 2440; x_wconf 84' lang='lat' dir='ltr'>iuvabit</span> 
     </span>
     <span class='ocr_line' id='line_1_18' title="bbox 191 2470 1202 2567; baseline 0 -14"><span class='ocrx_word' id='word_1_105' title='bbox 191 2475 361 2553; x_wconf 91' lang='lat' dir='ltr'>Ultricis</span> <span class='ocrx_word' id='word_1_106' title='bbox 382 2471 581 2567; x_wconf 90' lang='lat' dir='ltr'>flammae,</span> <span class='ocrx_word' id='word_1_107' title='bbox 603 2489 642 2549; x_wconf 92' lang='lat' dir='ltr'>et</span> <span class='ocrx_word' id='word_1_108' title='bbox 664 2470 812 2550; x_wconf 86' lang='lat' dir='ltr'>cineres</span> <span class='ocrx_word' id='word_1_109' title='bbox 834 2471 988 2552; x_wconf 90' lang='lat' dir='ltr'>satiasse</span> <span class='ocrx_word' id='word_1_110' title='bbox 1007 2500 1202 2553; x_wconf 85' lang='lat' dir='ltr'>meorum.</span> 
     </span>
    </p>
   </div>
   <div class='ocr_carea' id='block_1_4' title="bbox 190 2692 1337 4401">
    <p class='ocr_par' dir='ltr' id='par_1_6' title="bbox 190 2692 1337 4363">
     <span class='ocr_line' id='line_1_19' title="bbox 245 2692 1159 2791; baseline -0.003 -15"><span class='ocrx_word' id='word_1_111' title='bbox 245 2697 365 2776; x_wconf 92' lang='lat' dir='ltr'>Talia</span> <span class='ocrx_word' id='word_1_112' title='bbox 385 2694 597 2790; x_wconf 89' lang='lat' dir='ltr'>iactabam,</span> <span class='ocrx_word' id='word_1_113' title='bbox 620 2714 659 2773; x_wconf 96' lang='lat' dir='ltr'>et</span> <span class='ocrx_word' id='word_1_114' title='bbox 679 2692 822 2773; x_wconf 88' lang='lat' dir='ltr'>furiata</span> <span class='ocrx_word' id='word_1_115' title='bbox 842 2715 975 2774; x_wconf 88' lang='lat' dir='ltr'>mente</span> <span class='ocrx_word' id='word_1_116' title='bbox 994 2693 1159 2791; x_wconf 86' lang='lat' dir='ltr'>ferebar,</span> 
     </span>
     <span class='ocr_line' id='line_1_20' title="bbox 193 2806 1337 2903; baseline -0.002 -15"><span class='ocrx_word' id='word_1_117' title='bbox 193 2811 303 2888; x_wconf 92' lang='lat' dir='ltr'>Cum</span> <span class='ocrx_word' id='word_1_118' title='bbox 324 2808 428 2887; x_wconf 90' lang='lat' dir='ltr'>mihi</span> <span class='ocrx_word' id='word_1_119' title='bbox 450 2834 503 2903; x_wconf 89' lang='lat' dir='ltr'>se,</span> <span class='ocrx_word' id='word_1_120' title='bbox 526 2833 606 2885; x_wconf 92' lang='lat' dir='ltr'>non</span> <span class='ocrx_word' id='word_1_121' title='bbox 627 2825 717 2884; x_wconf 91' lang='lat' dir='ltr'>ante</span> <span class='ocrx_word' id='word_1_122' title='bbox 738 2808 863 2885; x_wconf 91' lang='lat' dir='ltr'>oculis</span> <span class='ocrx_word' id='word_1_123' title='bbox 884 2826 966 2886; x_wconf 91' lang='lat' dir='ltr'>tam</span> <span class='ocrx_word' id='word_1_124' title='bbox 986 2810 1102 2902; x_wconf 91' lang='lat' dir='ltr'>clara,</span> <span class='ocrx_word' id='word_1_125' title='bbox 1122 2806 1337 2888; x_wconf 90' lang='lat' dir='ltr'>videndam</span> 
     </span>
     <span class='ocr_line' id='line_1_21' title="bbox 191 2917 1150 3026; baseline -0.002 -25"><span class='ocrx_word' id='word_1_126' title='bbox 191 2921 358 3001; x_wconf 92' lang='lat' dir='ltr'>Obtulit</span> <span class='ocrx_word' id='word_1_127' title='bbox 378 2939 418 2998; x_wconf 93' lang='lat' dir='ltr'>et</span> <span class='ocrx_word' id='word_1_128' title='bbox 440 2945 540 3025; x_wconf 91' lang='lat' dir='ltr'>pura</span> <span class='ocrx_word' id='word_1_129' title='bbox 559 2944 631 3026; x_wconf 91' lang='lat' dir='ltr'>per</span> <span class='ocrx_word' id='word_1_130' title='bbox 650 2936 810 2997; x_wconf 87' lang='lat' dir='ltr'>noctem</span> <span class='ocrx_word' id='word_1_131' title='bbox 829 2920 870 2998; x_wconf 93' lang='lat' dir='ltr'>in</span> <span class='ocrx_word' id='word_1_132' title='bbox 889 2921 979 2999; x_wconf 89' lang='lat' dir='ltr'>luce</span> <span class='ocrx_word' id='word_1_133' title='bbox 999 2917 1150 3000; x_wconf 87' lang='lat' dir='ltr'>refulsit</span> 
     </span>
     <span class='ocr_line' id='line_1_22' title="bbox 190 3027 1210 3141; baseline -0.003 -27"><span class='ocrx_word' id='word_1_134' title='bbox 190 3034 315 3116; x_wconf 83' lang='lat' dir='ltr'>Alma</span> <span class='ocrx_word' id='word_1_135' title='bbox 336 3057 492 3139; x_wconf 91' lang='lat' dir='ltr'>parens,</span> <span class='ocrx_word' id='word_1_136' title='bbox 513 3027 687 3110; x_wconf 85' lang='lat' dir='ltr'>confessa</span> <span class='ocrx_word' id='word_1_137' title='bbox 706 3030 835 3127; x_wconf 91' lang='lat' dir='ltr'>deam,</span> <span class='ocrx_word' id='word_1_138' title='bbox 856 3033 1064 3141; x_wconf 89' lang='lat' dir='ltr'>qualisque</span> <span class='ocrx_word' id='word_1_139' title='bbox 1083 3033 1210 3111; x_wconf 90' lang='lat' dir='ltr'>videri</span> 
     </span>
     <span class='ocr_line' id='line_1_23' title="bbox 192 3144 1260 3255; baseline -0.001 -31"><span class='ocrx_word' id='word_1_140' title='bbox 192 3144 406 3225; x_wconf 91' lang='lat' dir='ltr'>Caelicolis</span> <span class='ocrx_word' id='word_1_141' title='bbox 426 3159 468 3221; x_wconf 93' lang='lat' dir='ltr'>et</span> <span class='ocrx_word' id='word_1_142' title='bbox 487 3161 637 3250; x_wconf 89' lang='lat' dir='ltr'>quanta</span> <span class='ocrx_word' id='word_1_143' title='bbox 655 3144 765 3239; x_wconf 91' lang='lat' dir='ltr'>solet,</span> <span class='ocrx_word' id='word_1_144' title='bbox 785 3144 1001 3255; x_wconf 91' lang='lat' dir='ltr'>dextraque</span> <span class='ocrx_word' id='word_1_145' title='bbox 1022 3144 1260 3254; x_wconf 89' lang='lat' dir='ltr'>prehensum</span> 
     </span>
     <span class='ocr_line' id='line_1_24' title="bbox 193 3254 1228 3365; baseline -0.001 -30"><span class='ocrx_word' id='word_1_146' title='bbox 193 3256 425 3351; x_wconf 91' lang='lat' dir='ltr'>Continuit‚</span> <span class='ocrx_word' id='word_1_147' title='bbox 446 3281 640 3361; x_wconf 90' lang='lat' dir='ltr'>roseoque</span> <span class='ocrx_word' id='word_1_148' title='bbox 660 3254 757 3335; x_wconf 86' lang='lat' dir='ltr'>haec</span> <span class='ocrx_word' id='word_1_149' title='bbox 776 3257 938 3365; x_wconf 91' lang='lat' dir='ltr'>insuper</span> <span class='ocrx_word' id='word_1_150' title='bbox 950 3259 1111 3361; x_wconf 61' lang='lat' dir='ltr'>¹addidit</span> <span class='ocrx_word' id='word_1_151' title='bbox 1130 3284 1197 3336; x_wconf 94' lang='lat' dir='ltr'>ore</span> <span class='ocrx_word' id='word_1_152' title='bbox 1217 3284 1228 3334; x_wconf 74' lang='grc' dir='ltr'><strong><em>ε</em></strong></span> 
     </span>
     <span class='ocr_line' id='line_1_25' title="bbox 193 3367 1252 3474; baseline 0.002 -28"><span class='ocrx_word' id='word_1_153' title='bbox 193 3370 317 3462; x_wconf 92' lang='lat' dir='ltr'>Nate,</span> <span class='ocrx_word' id='word_1_154' title='bbox 338 3369 429 3474; x_wconf 93' lang='lat' dir='ltr'>quis</span> <span class='ocrx_word' id='word_1_155' title='bbox 450 3367 668 3446; x_wconf 90' lang='lat' dir='ltr'>indomitas</span> <span class='ocrx_word' id='word_1_156' title='bbox 689 3386 821 3447; x_wconf 91' lang='lat' dir='ltr'>tantus</span> <span class='ocrx_word' id='word_1_157' title='bbox 840 3370 954 3449; x_wconf 91' lang='lat' dir='ltr'>dolor</span> <span class='ocrx_word' id='word_1_158' title='bbox 973 3371 1124 3448; x_wconf 89' lang='lat' dir='ltr'>excitat</span> <span class='ocrx_word' id='word_1_159' title='bbox 1142 3371 1252 3448; x_wconf 91' lang='lat' dir='ltr'>iras?</span> 
     </span>
     <span class='ocr_line' id='line_1_26' title="bbox 194 3475 1322 3586; baseline 0.003 -32"><span class='ocrx_word' id='word_1_160' title='bbox 194 3478 308 3563; x_wconf 93' lang='lat' dir='ltr'>Quid</span> <span class='ocrx_word' id='word_1_161' title='bbox 328 3475 459 3557; x_wconf 87' lang='lat' dir='ltr'>furis?</span> <span class='ocrx_word' id='word_1_162' title='bbox 490 3496 560 3556; x_wconf 90' lang='lat' dir='ltr'>aut</span> <span class='ocrx_word' id='word_1_163' title='bbox 580 3506 758 3586; x_wconf 90' lang='lat' dir='ltr'>quonam</span> <span class='ocrx_word' id='word_1_164' title='bbox 778 3482 903 3560; x_wconf 90' lang='lat' dir='ltr'>nostri</span> <span class='ocrx_word' id='word_1_165' title='bbox 925 3481 1000 3560; x_wconf 91' lang='lat' dir='ltr'>tibi</span> <span class='ocrx_word' id='word_1_166' title='bbox 1021 3507 1114 3560; x_wconf 92' lang='lat' dir='ltr'>cura</span> <span class='ocrx_word' id='word_1_167' title='bbox 1134 3481 1322 3560; x_wconf 87' lang='lat' dir='ltr'>recessit?</span> 
     </span>
     <span class='ocr_line' id='line_1_27' title="bbox 192 3589 1253 3699; baseline 0.003 -31"><span class='ocrx_word' id='word_1_168' title='bbox 192 3590 291 3668; x_wconf 88' lang='lat' dir='ltr'>Non</span> <span class='ocrx_word' id='word_1_169' title='bbox 312 3590 423 3695; x_wconf 91' lang='lat' dir='ltr'>prius</span> <span class='ocrx_word' id='word_1_170' title='bbox 443 3590 623 3697; x_wconf 88' lang='lat' dir='ltr'>aspicies,</span> <span class='ocrx_word' id='word_1_171' title='bbox 644 3592 715 3671; x_wconf 92' lang='lat' dir='ltr'>ubi</span> <span class='ocrx_word' id='word_1_172' title='bbox 734 3589 879 3670; x_wconf 85' lang='lat' dir='ltr'>fessum</span> <span class='ocrx_word' id='word_1_173' title='bbox 899 3612 1026 3672; x_wconf 86' lang='lat' dir='ltr'>aetate</span> <span class='ocrx_word' id='word_1_174' title='bbox 1046 3613 1253 3699; x_wconf 90' lang='lat' dir='ltr'>parentem</span> 
     </span>
     <span class='ocr_line' id='line_1_28' title="bbox 194 3700 1263 3810; baseline 0.005 -32"><span class='ocrx_word' id='word_1_175' title='bbox 194 3700 383 3804; x_wconf 91' lang='lat' dir='ltr'>Liqueris</span> <span class='ocrx_word' id='word_1_176' title='bbox 403 3700 611 3779; x_wconf 90' lang='lat' dir='ltr'>Anchisen</span> <span class='ocrx_word' id='word_1_177' title='bbox 632 3704 646 3780; x_wconf 74' lang='grc' dir='ltr'><strong>Ρ</strong></span> <span class='ocrx_word' id='word_1_178' title='bbox 677 3723 834 3810; x_wconf 91' lang='lat' dir='ltr'>superet</span> <span class='ocrx_word' id='word_1_179' title='bbox 854 3705 1083 3784; x_wconf 85' lang='lat' dir='ltr'>coniunxne</span> <span class='ocrx_word' id='word_1_180' title='bbox 1104 3705 1263 3800; x_wconf 87' lang='lat' dir='ltr'>Creusa,</span> 
     </span>
     <span class='ocr_line' id='line_1_29' title="bbox 192 3812 1299 3921; baseline 0.005 -30"><span class='ocrx_word' id='word_1_181' title='bbox 192 3812 473 3917; x_wconf 84' lang='lat' dir='ltr'>Ascaniusque</span> <span class='ocrx_word' id='word_1_182' title='bbox 493 3815 623 3918; x_wconf 91' lang='lat' dir='ltr'>puer?</span> <span class='ocrx_word' id='word_1_183' title='bbox 654 3841 753 3920; x_wconf 93' lang='lat' dir='ltr'>quos</span> <span class='ocrx_word' id='word_1_184' title='bbox 774 3842 910 3894; x_wconf 91' lang='lat' dir='ltr'>omnes</span> <span class='ocrx_word' id='word_1_185' title='bbox 931 3816 1106 3921; x_wconf 91' lang='lat' dir='ltr'>undique</span> <span class='ocrx_word' id='word_1_186' title='bbox 1128 3816 1273 3895; x_wconf 89' lang='lat' dir='ltr'>Graiae</span> <span class='ocrx_word' id='word_1_187' title='bbox 1293 3828 1299 3841; x_wconf 88' lang='lat'><em>&#39;</em></span> 
     </span>
     <span class='ocr_line' id='line_1_30' title="bbox 195 3923 1178 4023; baseline 0.006 -23"><span class='ocrx_word' id='word_1_188' title='bbox 195 3923 499 4000; x_wconf 88' lang='lat' dir='ltr'>Circumerrant</span> <span class='ocrx_word' id='word_1_189' title='bbox 519 3925 634 4018; x_wconf 89' lang='lat' dir='ltr'>acies,</span> <span class='ocrx_word' id='word_1_190' title='bbox 655 3943 708 4018; x_wconf 90' lang='lat' dir='ltr'>et,</span> <span class='ocrx_word' id='word_1_191' title='bbox 728 3926 771 4004; x_wconf 92' lang='lat' dir='ltr'>ni</span> <span class='ocrx_word' id='word_1_192' title='bbox 792 3953 881 4004; x_wconf 90' lang='lat' dir='ltr'>mea</span> <span class='ocrx_word' id='word_1_193' title='bbox 900 3953 994 4006; x_wconf 92' lang='lat' dir='ltr'>cura</span> <span class='ocrx_word' id='word_1_194' title='bbox 1014 3929 1178 4023; x_wconf 90' lang='lat' dir='ltr'>resistat,</span> 
     </span>
     <span class='ocr_line' id='line_1_31' title="bbox 195 4032 1296 4121; baseline 0.008 -9"><span class='ocrx_word' id='word_1_195' title='bbox 195 4034 283 4112; x_wconf 90' lang='lat' dir='ltr'>Iam</span> <span class='ocrx_word' id='word_1_196' title='bbox 304 4032 489 4110; x_wconf 89' lang='lat' dir='ltr'>flammae</span> <span class='ocrx_word' id='word_1_197' title='bbox 511 4035 674 4113; x_wconf 88' lang='lat' dir='ltr'>tulerint</span> <span class='ocrx_word' id='word_1_198' title='bbox 695 4037 884 4117; x_wconf 93' lang='lat' dir='ltr'>inimicus</span> <span class='ocrx_word' id='word_1_199' title='bbox 904 4058 944 4117; x_wconf 90' lang='lat' dir='ltr'>et</span> <span class='ocrx_word' id='word_1_200' title='bbox 965 4038 1138 4118; x_wconf 90' lang='lat' dir='ltr'>hauserit</span> <span class='ocrx_word' id='word_1_201' title='bbox 1159 4042 1272 4121; x_wconf 90' lang='lat' dir='ltr'>ensis.</span> <span class='ocrx_word' id='word_1_202' title='bbox 1292 4036 1296 4047; x_wconf 76' lang='grc'><strong>’</strong></span> 
     </span>
     <span class='ocr_line' id='line_1_32' title="bbox 196 4142 1166 4252; baseline 0.007 -30"><span class='ocrx_word' id='word_1_203' title='bbox 196 4145 295 4223; x_wconf 93' lang='lat' dir='ltr'>Non</span> <span class='ocrx_word' id='word_1_204' title='bbox 317 4142 393 4222; x_wconf 92' lang='lat' dir='ltr'>tibi</span> <span class='ocrx_word' id='word_1_205' title='bbox 412 4145 657 4252; x_wconf 90' lang='lat' dir='ltr'>Tyndaridis</span> <span class='ocrx_word' id='word_1_206' title='bbox 678 4144 794 4227; x_wconf 88' lang='lat' dir='ltr'>facies</span> <span class='ocrx_word' id='word_1_207' title='bbox 815 4151 941 4229; x_wconf 90' lang='lat' dir='ltr'>invisa</span> <span class='ocrx_word' id='word_1_208' title='bbox 963 4151 1166 4229; x_wconf 88' lang='lat' dir='ltr'>Lacaenae</span> 
     </span>
     <span class='ocr_line' id='line_1_33' title="bbox 195 4256 1205 4363; baseline 0.011 -31"><span class='ocrx_word' id='word_1_209' title='bbox 195 4258 441 4363; x_wconf 90' lang='lat' dir='ltr'>Culpatusve</span> <span class='ocrx_word' id='word_1_210' title='bbox 464 4256 585 4352; x_wconf 90' lang='lat' dir='ltr'>Paris,</span> <span class='ocrx_word' id='word_1_211' title='bbox 605 4256 744 4337; x_wconf 89' lang='lat' dir='ltr'>divom</span> <span class='ocrx_word' id='word_1_212' title='bbox 764 4261 1032 4357; x_wconf 91' lang='lat' dir='ltr'>inclementia,</span> <span class='ocrx_word' id='word_1_213' title='bbox 1053 4261 1205 4360; x_wconf 90' lang='lat' dir='ltr'>divom,</span> 
     </span>
    </p>

    <p class='ocr_par' dir='ltr' id='par_1_7' title="bbox 873 4372 922 4401">
     <span class='ocr_line' id='line_1_34' title="bbox 873 4372 922 4401; baseline 0.02 -1"><span class='ocrx_word' id='word_1_214' title='bbox 873 4372 893 4400; x_wconf 73' lang='lat' dir='ltr'>fl</span> <span class='ocrx_word' id='word_1_215' title='bbox 901 4373 922 4401; x_wconf 75' lang='grc' dir='ltr'>Λ</span> 
     </span>
    </p>
   </div>
   <div class='ocr_carea' id='block_1_5' title="bbox 0 0 1809 4522">
    <p class='ocr_par' dir='ltr' id='par_1_8' title="bbox 0 0 1809 4522">
     <span class='ocr_line' id='line_1_35' title="bbox 0 0 1809 4522; baseline 0 0"><span class='ocrx_word' id='word_1_216' title='bbox 0 0 1809 4522; x_wconf 95' lang='lat' dir='ltr'> </span> 
     </span>
    </p>
   </div>
  </div>
 </body>
</html>
