3584 4522
182 461 378 567 Armiger
397 455 675 551 Automedon,
691 484 769 535 una
788 455 920 535 omnis
939 455 1074 564 Scyria
1092 451 1216 562 pubes

183 572 415 653 Succedunt
436 588 558 664 tecto,
579 588 619 647 et
638 567 816 648 flammas
835 566 885 646 ad
905 568 1081 646 culmina
1099 569 1257 646 iactant.

242 796 334 904 Ipse
355 799 460 874 inter
480 793 632 900 primos
651 812 832 901 correpta
852 791 949 869 dura
967 790 1132 899 bipenni

186 910 352 989 Limina
371 906 612 1015 perrumpit,
633 926 843 1014 postesque
864 931 886 981 a
905 903 1064 981 cardine
1082 902 1193 980 vellit

185 1022 355 1100 Aeratos
375 1052 386 1114 ;
416 1020 581 1124 iamque
600 1020 730 1096 excisa
749 1016 859 1095 trabe
879 1012 995 1094 firma
1015 1016 1168 1093 cavavit

189 1132 369 1225 Robora,
390 1149 430 1208 et
450 1131 661 1236 ingentem
680 1131 760 1208 lato
781 1128 889 1207 dedit
911 1154 977 1206 ore
997 1124 1219 1205 fenestram.
1340 1171 1346 1177 -

187 1245 370 1351 Adparet
391 1243 535 1320 domus
555 1243 676 1337 intus,
697 1263 737 1319 et
757 1242 854 1318 atria
874 1242 994 1347 longa
1013 1255 1246 1348 patescunt;

187 1356 399 1464 Adparent
420 1355 572 1433 Priami
602 1374 642 1432 et
662 1374 844 1432 veterum
864 1353 1078 1460 penetralia
1098 1376 1252 1457 regum,

186 1468 462 1574 Armatosque
481 1465 620 1544 vident
641 1485 785 1545 stantes
805 1467 847 1543 in
868 1466 1008 1544 limine
1027 1464 1171 1573 primo.

246 1692 305 1769 At
326 1689 469 1768 domus
489 1690 656 1767 interior
677 1692 831 1796 gemitu
852 1693 1075 1795 miseroque
1095 1685 1271 1764 tumultu

189 1802 410 1896 Miscetur,
431 1802 671 1910 penitusque
691 1829 806 1879 cavae
826 1802 1083 1910 plangoribus
1101 1798 1213 1877 aedes

189 1914 393 1992 Femineis
414 1914 568 1991 ululant
585 1942 595 2005 ;
626 1909 719 1991 ferit
738 1940 854 1992 aurea
874 1915 999 1992 sidera
1018 1914 1178 1991 clamor.

187 2028 301 2103 Tum
322 2025 490 2132 pavidae
512 2025 625 2102 tectis
646 2044 789 2105 matres
809 2026 1039 2135 ingentibus
1059 2040 1199 2116 errant,

188 2139 497 2244 Amplexaeque
518 2154 654 2214 tenent
674 2158 804 2245 postes
825 2158 944 2246 atque
965 2139 1095 2217 oscula
1113 2131 1254 2241 figunt.

189 2248 316 2327 Instat
336 2251 377 2326 vi
399 2250 528 2357 patria
550 2248 725 2357 Pyrrhus
743 2283 753 2346 ;
784 2279 856 2331 nec
877 2254 1055 2344 claustra,
1077 2272 1205 2353 neque
1225 2243 1300 2352 ipsi

189 2359 388 2439 Custodes
408 2360 573 2438 sufferre
592 2364 725 2440 valent
744 2396 754 2459 3
784 2365 891 2442 labat
912 2365 1031 2441 ariete
1051 2358 1187 2438 crebro

192 2471 333 2565 Ianua,
354 2491 394 2549 et
415 2473 541 2550 emoti
563 2475 834 2580 procumbunt
855 2475 1014 2552 cardine
1034 2491 1172 2582 postes.

190 2582 259 2661 Fit
279 2584 345 2660 via
365 2585 406 2661 vi
429 2617 440 2679 ;
472 2603 667 2691 rumpunt
688 2585 828 2680 aditus,
849 2588 1079 2694 primosque
1098 2578 1297 2660 trucidant

190 2694 351 2772 Inmissi
374 2695 519 2789 Danai,
541 2715 580 2773 et
597 2697 675 2773 late
694 2698 780 2775 loca
799 2699 929 2776 milite
950 2699 1149 2804 conplent.

189 2807 288 2885 Non
310 2808 381 2900 sic,
402 2805 614 2913 aggeribus
633 2810 760 2916 ruptis
780 2836 874 2887 cum
894 2834 1078 2916 spumeus
1097 2804 1223 2884 amnis

189 2918 306 2997 Exiit
328 2920 610 3026 oppositasque
631 2922 751 2998 evicit
773 2923 933 3028 gurgite
954 2920 1090 3013 moles,

191 3029 337 3107 Fertur
357 3031 399 3107 in
421 3057 514 3107 arva
532 3028 666 3110 furens
686 3034 862 3128 cumulo,
884 3056 1126 3140 camposque
1145 3055 1215 3137 per
1235 3049 1373 3104 omnes

190 3142 301 3219 Cum
322 3140 486 3220 stabulis
506 3161 684 3220 armenta
704 3145 836 3223 trahit.
897 3144 995 3221 Vidi
1015 3145 1098 3250 ipse
1116 3138 1315 3219 furentem

190 3252 326 3330 Caede
347 3252 669 3360 Neoptolemum
690 3258 951 3363 geminosque
971 3256 1013 3333 in
1032 3254 1171 3332 limine
1190 3248 1351 3330 Atridas
1369 3278 1379 3341 ;
1516 3263 1597 3346 500

190 3362 292 3442 Vidi
315 3364 536 3443 Hecubam
556 3385 802 3474 centumque
823 3394 957 3462 nurus,
980 3366 1265 3472 Priamumque
1284 3387 1356 3469 per
1375 3384 1457 3436 aras

190 3474 395 3581 Sanguine
415 3474 657 3573 foedantem,
680 3506 778 3585 quos
798 3480 881 3585 ipse
901 3495 1130 3572 sacraverat,
1150 3478 1273 3581 ignes.

190 3585 505 3693 Quinquaginta
523 3589 582 3668 illi
604 3590 782 3684 thalami,
803 3617 889 3699 spes
911 3610 1019 3669 tanta
1038 3606 1242 3698 nepotum,

190 3697 405 3778 Barbarico
426 3718 558 3807 postes
577 3729 674 3780 auro
694 3704 909 3810 spoliisque
929 3703 1102 3810 superbi,

190 3807 450 3890 Procubuere
473 3841 483 3907 ;
516 3830 654 3891 tenent
677 3814 821 3910 Danai,
843 3842 921 3921 qua
942 3810 1078 3892 deficit
1097 3811 1212 3919 ignis.
1519 3823 1597 3907 505

246 4032 432 4112 Forsitan
453 4051 507 4127 et,
529 4033 679 4113 Priami
700 4032 848 4114 fuerint
869 4063 970 4142 quae
989 4032 1081 4127 fata,
1103 4034 1286 4143 requiras.

192 4144 314 4224 Urbis
336 4146 398 4223 uti
420 4161 559 4252 captae
581 4172 717 4226 casum
738 4149 1002 4254 convolsaque
1021 4146 1123 4225 vidit

191 4256 355 4337 Limina
376 4274 578 4337 tectorum
598 4278 639 4336 et
658 4259 838 4339 medium
858 4261 900 4406 ip
921 4261 1185 4368 penetralibus
1203 4257 1374 4350 hostem,
