3584 4522
184 468 385 549 Nauticus
406 469 585 547 exoritur
604 467 714 546 vario
735 468 951 546 certamine
972 468 1148 564 clamor;

186 580 417 660 Hortantur
438 581 564 659 socii:
596 580 760 659 Cretam
779 606 1028 689 proavosque
1047 598 1238 689 petamus.

186 692 451 801 Prosequitur
471 716 633 796 surgens
653 720 675 770 a
695 694 822 801 puppi
843 710 985 771 ventus
1006 713 1153 787 euntes,

183 805 239 884 Et
260 806 423 884 tandem
444 804 619 911 antiquis
641 805 837 885 Curetum
857 803 1084 883 adlabimur
1103 806 1190 883 oris.

246 1029 358 1135 Ergo
380 1027 519 1106 avidus
539 1055 675 1107 muros
695 1046 852 1136 optatae
873 1027 1021 1105 molior
1040 1028 1160 1121 urbis,

185 1140 531 1247 Pergameamque
551 1168 665 1239 voco,
689 1160 728 1217 et
746 1141 893 1218 laetam
914 1141 1154 1246 cognomine
1174 1155 1336 1245 gentem

184 1252 344 1330 Hortor
365 1278 496 1329 amare
513 1250 621 1330 focos
642 1278 852 1360 arcemque
873 1254 1050 1330 attollere
1072 1253 1193 1331 tectis.

184 1363 356 1471 Iamque
377 1361 459 1441 fere
476 1365 581 1443 sicco
601 1363 817 1442 subductae
837 1365 954 1442 litore
973 1390 1126 1471 puppes
1143 1396 1154 1460 ;

183 1474 381 1553 Conubiis
402 1477 584 1583 arvisque
605 1476 718 1553 novis
738 1493 897 1583 operata
917 1478 1101 1554 iuventus
1119 1509 1129 1572 ;

183 1587 277 1666 Iura
299 1587 521 1695 domosque
542 1588 708 1666 dabam:
740 1588 872 1667 subito
893 1614 987 1666 cum
1009 1587 1139 1666 tabida
1160 1589 1364 1683 membris,

184 1701 389 1807 Corrupto
410 1702 510 1778 caeli
532 1718 673 1795 tractu,
693 1699 995 1806 miserandaque
1015 1701 1124 1777 venit

183 1813 491 1920 Arboribusque
512 1814 682 1921 satisque
702 1814 783 1892 lues
805 1831 844 1890 et
864 1810 997 1891 letifer
1017 1840 1149 1893 annus.

183 1924 444 2031 Linquebant
465 1925 598 2004 dulces
618 1926 781 2020 animas,
802 1944 871 2003 aut
891 1952 1007 2033 aegra
1028 1925 1232 2005 trahebant

186 2037 368 2144 Corpora
387 2070 396 2133 ;
429 2056 519 2115 tum
539 2038 688 2116 steriles
709 2064 872 2115 exurere
894 2038 1016 2116 Sirius
1037 2064 1148 2143 agros
1166 2071 1177 2135 ;

183 2149 367 2227 Arebant
387 2148 548 2242 herbae,
570 2167 608 2226 et
627 2150 784 2227 victum
805 2175 913 2256 seges
933 2175 1051 2256 aegra
1070 2151 1249 2258 negabat.

185 2260 340 2339 Rursus
361 2260 411 2338 ad
431 2262 609 2338 oraclum
631 2259 825 2368 Ortygiae
846 2260 1138 2368 Phoebumque
1157 2288 1334 2341 remenso

184 2372 387 2450 Hortatur
407 2391 521 2478 pater
539 2373 596 2449 ire
617 2373 731 2467 mari,
751 2372 991 2479 veniamque
1012 2374 1190 2479 precari:

184 2484 322 2569 Quam
343 2481 450 2562 fessis
470 2479 593 2561 finem
614 2483 729 2561 rebus
748 2480 876 2578 ferat;
908 2483 1012 2563 unde
1032 2485 1211 2564 laborum

181 2596 222 2673 T
224 2614 404 2703 emptare
425 2596 623 2673 auxilium
643 2594 778 2674 iubeat
797 2625 807 2690 ;
840 2622 921 2702 quo
941 2614 1094 2675 vertere
1114 2621 1258 2676 cursus.

242 2819 342 2897 Nox
362 2836 459 2914 erat,
480 2837 520 2896 et
541 2821 654 2897 terris
673 2819 861 2897 animalia
881 2845 1043 2899 somnus
1062 2819 1232 2900 habebat
1252 2847 1262 2898 t

183 2929 351 3035 Effigies
372 2957 501 3009 sacrae
522 2931 661 3009 divom
683 2930 932 3040 Phrygiique
961 2931 1140 3028 Penates,

184 3042 299 3127 Quos
320 3068 483 3120 mecum
503 3044 662 3121 aTroia
683 3044 906 3151 mediisque
927 3071 977 3122 ex
997 3045 1157 3151 ignibus
1177 3046 1285 3126 urbis

184 3154 436 3250 Extuleram‚
457 3154 531 3233 visi
552 3174 642 3233 ante
662 3155 798 3235 oculos
818 3155 969 3234 adstare
989 3158 1153 3236 iacentis

185 3265 235 3344 In
256 3267 421 3362 somnis,
442 3265 574 3345 multo
599 3264 800 3346 manifesti
821 3269 987 3362 lumine,
1009 3294 1147 3375 quase

186 3378 309 3456 Plena
329 3405 401 3484 per
421 3379 584 3458 insertas
605 3375 797 3458 fundebat
816 3381 911 3459 luna
929 3378 1116 3460 fenestras
1136 3411 1147 3475 ;

182 3489 296 3567 Tum
317 3492 373 3568 sic
394 3488 517 3568 adfari
539 3510 578 3569 et
598 3518 708 3570 curas
729 3492 790 3571 his
811 3492 968 3571 demere
988 3492 1106 3572 dictis
1127 3520 1137 3570 ε

185 3600 309 3685 Quod
330 3602 406 3680 tibi
429 3602 559 3679 delato
581 3603 798 3712 Ortygiam
819 3604 997 3683 dicturus
1017 3605 1168 3712 Apollo
1188 3623 1258 3699 est,

186 3712 273 3790 Hic
294 3714 416 3807 canit,
438 3732 479 3791 et
499 3732 567 3791 tua
587 3741 658 3793 nos
678 3742 726 3793 en
748 3717 855 3796 ultro
877 3716 926 3794 ad
945 3717 1088 3795 limina
1108 3716 1248 3796 mittit.

185 3823 275 3901 Nos
295 3842 348 3919 te,
370 3826 575 3904 Dardania
594 3827 764 3921 incensa,
786 3846 933 3934 tuaque
954 3855 1063 3905 arma
1082 3829 1218 3922 secuti,

184 3935 273 4013 Nos
295 3937 502 4014 tumidum
522 3937 594 4016 sub
615 3957 654 4015 te
674 3940 871 4044 permensi
892 3939 1078 4018 classibus
1099 3967 1257 4049 aequor,

185 4046 302 4125 Idem
323 4068 512 4125 venturos
538 4048 723 4128 tollemus
743 4050 786 4127 in
806 4067 907 4129 astra
927 4072 1102 4159 nepotes,

184 4157 495 4267 Imperiumque
515 4159 606 4238 urbi
627 4161 820 4241 dabimus.
877 4165 945 4242 Tu
965 4166 1125 4242 moenia
1142 4166 1296 4273 magnis

186 4270 344 4378 Magna
364 4298 473 4380 para,
493 4272 742 4381 longumque
762 4271 882 4382 fugae
902 4303 951 4353 ne
970 4276 1108 4384 linque
1127 4277 1315 4360 laborem.

853 4411 866 4452 τ
881 4411 922 4452 rr
