3584 4522
196 467 318 545 Certa
337 470 464 577 sequi,
486 495 588 577 quae
607 469 659 546 sit
679 467 796 549 rebus
815 465 975 548 fortuna
993 467 1162 548 videtis:

197 579 411 659 Excessere
431 606 584 674 omnes,
606 579 737 688 adytis
757 582 915 689 arisque
935 580 1095 676 relictis,

198 691 270 787 Di,
290 693 437 800 quibus
458 693 679 799 imperium
699 693 779 773 hoc
800 710 962 772 steterat
980 725 991 788 ;
1020 692 1248 772 succurritis
1269 687 1361 769 urbi

200 802 418 901 Incensae;
450 805 685 899 moriamur,
706 824 746 883 et
767 807 809 883 in
831 803 965 882 media
985 831 1093 882 arma
1111 828 1284 883 ruamus.

201 915 296 994 Una
316 917 416 996 salus
436 916 568 1009 victis,
588 917 744 996 nullam
763 942 920 1024 sperare
939 916 1119 995 salutem.

259 1165 325 1243 Sic
345 1165 488 1242 animis
508 1165 705 1244 iuvenum
723 1161 835 1242 furor
855 1163 1025 1245 additus.
1083 1163 1196 1259 Inde,
1214 1163 1302 1270 lupi
1322 1188 1396 1242 ceu
1523 1186 1544 1268 3
1552 1182 1604 1266 55

204 1277 403 1383 Raptores
423 1295 507 1353 atra
527 1278 568 1354 in
590 1276 747 1370 nebula,
768 1301 869 1382 quos
889 1275 1059 1383 inproba
1076 1278 1225 1354 ventris

203 1389 353 1495 Exegit
373 1414 509 1466 caecos
531 1388 670 1484 rabies,
693 1388 897 1494 catulique
916 1388 1049 1467 relicti

204 1499 404 1578 Faucibus
425 1520 656 1607 exspectant
676 1501 806 1594 siccis,
828 1527 899 1607 per
918 1501 1009 1596 tela,
1031 1526 1099 1606 per
1120 1498 1251 1578 hostes

204 1612 402 1690 Vadimus
423 1612 530 1690 haud
551 1611 718 1690 dubiam
739 1614 781 1690 in
802 1631 990 1707 mortem,
1010 1611 1244 1718 mediaeque
1264 1630 1447 1689 tenemus

204 1723 329 1802 Urbis
350 1726 426 1802 iter
447 1757 457 1819 ;
490 1751 570 1802 nox
591 1742 675 1801 atra
695 1749 792 1802 cava
813 1724 1077 1802 circumvolat
1096 1722 1250 1802 umbra
1526 1716 1609 1825 360

262 1971 365 2056 Quis
386 1971 541 2048 cladem
562 1972 668 2050 illius
689 1972 830 2066 noctis,
852 1974 941 2080 quis
962 1969 1098 2050 funera
1117 1967 1236 2049 fando

205 2083 408 2191 Explicet,
431 2103 498 2161 aut
518 2084 642 2191 possit
660 2085 836 2163 lacrimis
857 2110 1024 2192 aequare
1042 2083 1225 2163 labores?

204 2194 312 2273 Urbs
335 2196 498 2301 antiqua
518 2196 613 2289 ruit,
635 2197 783 2275 multos
804 2196 1009 2274 dominata
1029 2222 1099 2304 per
1119 2220 1241 2273 annos
1259 2223 1270 2287 3

207 2305 388 2383 Plurima
408 2333 559 2413 perque
580 2308 662 2386 vias
683 2326 915 2386 sternuntur
934 2308 1078 2386 inertia
1097 2307 1244 2415 passim

204 2418 387 2524 Corpora
407 2444 556 2525 perque
576 2418 717 2498 domos
738 2439 778 2497 et
799 2420 983 2525 religiosa
1001 2419 1167 2496 deorum
1529 2411 1607 2520 365

206 2528 382 2607 Limina.
443 2530 486 2606 N
489 2556 533 2607 ec
554 2531 627 2608 soli
648 2558 796 2639 poenas
818 2532 913 2609 dant
934 2532 1124 2635 sanguine
1142 2527 1293 2608 Teucri
1311 2560 1322 2624 ;

207 2641 426 2726 Quondam
447 2642 569 2719 etiam
589 2643 708 2721 victis
728 2642 832 2722 redit
852 2644 895 2721 in
914 2641 1144 2751 praecordia
1161 2642 1289 2719 virtus

206 2753 472 2859 Victoresque
494 2753 642 2832 cadunt
662 2754 808 2832 Danai.
869 2754 1051 2833 Crudelis
1072 2752 1221 2861 ubique

205 2864 372 2958 Luctus,
394 2866 545 2971 ubique
564 2891 703 2974 pavor,
724 2886 764 2945 et
783 2868 959 2975 plurima
977 2867 1116 2945 mortis
1135 2866 1282 2971 imago,

265 3119 426 3198 Primus
447 3147 499 3215 se,
521 3120 712 3199 Danaum
732 3148 881 3228 magna
899 3123 1116 3201 comitante
1135 3140 1304 3217 caterva,
1531 3142 1612 3225 370

207 3231 447 3337 Androgeos
467 3232 586 3310 offert
606 3233 736 3330 nobis,
757 3234 865 3314 socia
884 3235 1046 3340 agmina
1064 3231 1223 3312 credens

167 3433 172 3444 ‚
208 3342 375 3439 Inscius,
398 3363 518 3451 atque
538 3345 644 3423 ultro
664 3345 796 3425 verbis
818 3347 1032 3454 compellat
1053 3344 1219 3423 amicis:

112 3538 115 3542 Α
210 3455 426 3549 Festinate,
448 3457 542 3534 viri.
605 3457 718 3536 Nam
739 3484 842 3565 quae
863 3476 946 3536 tam
965 3484 1049 3537 sera
1068 3476 1245 3535 moratur

210 3566 437 3672 Segnities?
469 3569 535 3646 alii
557 3570 719 3677 rapiunt
739 3570 899 3649 incensa
917 3567 1129 3676 feruntque

212 3678 408 3783 Pergama
426 3711 436 3774 ;
467 3706 537 3757 vos
559 3681 674 3760 celsis
695 3708 803 3760 nunc
822 3682 1002 3789 primum
1023 3708 1045 3759 a
1064 3678 1228 3759 navibus
1249 3679 1327 3757 itis.

269 3933 404 4027 Dixit,
426 3952 465 4011 et
486 3936 703 4043 extemplo,
725 3962 855 4042 neque
877 3937 987 4014 enim
1007 3960 1188 4042 responsa
1207 3934 1402 4014 dabantur

135 4125 137 4131 ,
212 4045 314 4123 Fida
333 4045 437 4139 satis,
459 4046 578 4124 sensit
599 4047 752 4126 medios
773 4047 954 4155 delapsus
974 4048 1016 4125 in
1038 4046 1177 4124 hostes.

212 4157 440 4265 Obstipuit,
462 4177 647 4264 retroque
668 4158 813 4267 pedem
834 4186 929 4238 cum
949 4185 1048 4236 voce
1068 4159 1260 4266 repressit.

212 4268 488 4377 Improvisum
508 4271 628 4377 aspris
647 4273 775 4351 veluti
796 4272 866 4380 qui
887 4270 1065 4350 sentibus
1085 4296 1256 4378 anguem

889 4410 937 4446 Ἠ
