3584 4522
180 415 290 496 Gens
311 416 479 499 inimica
497 418 602 497 mihi
623 417 883 530 Tyrrhenum
903 419 1064 527 navigat
1083 446 1245 528 aequor,

179 525 305 609 Ilium
325 532 368 611 in
390 531 550 610 Italiam
570 550 733 638 portans
752 532 960 641 victosque
981 532 1174 611 Penates:

179 639 325 722 Incute
345 644 432 723 vim
450 643 580 722 ventis
601 643 900 752 submersasque
920 644 1045 725 obrue
1063 670 1230 751 puppes,

178 756 267 833 Aut
287 783 360 863 age
381 756 556 834 diversos
576 776 616 834 et
636 756 775 835 disiice
795 783 962 865 corpora
982 774 1121 862 ponto.

179 866 281 945 Sunt
300 867 406 946 mihi
427 867 486 946 bis
507 886 660 974 septem
679 873 892 977 praestanti
913 893 1079 975 corpore
1098 867 1331 978 Nymphae,

179 978 365 1065 Quarum
386 1006 487 1086 quae
505 977 637 1058 forma
655 980 927 1088 pulcherrima
946 981 1142 1087 Deiopea,

179 1090 369 1170 Conubio
389 1093 556 1198 iungam
576 1092 709 1171 stabili
728 1095 1016 1201 propriamque
1036 1092 1199 1188 dicabo,

179 1202 334 1281 Omnes
356 1221 400 1281 ut
421 1221 557 1282 tecum
577 1205 732 1284 meritis
752 1232 826 1312 pro
847 1206 991 1285 talibus
1011 1230 1134 1283 annos

177 1315 332 1422 Exigat
353 1333 393 1393 et
412 1315 581 1422 pulchra
600 1315 720 1397 faciat
738 1335 778 1396 te
797 1319 908 1427 prole
928 1333 1148 1426 parentem.

235 1541 385 1619 Aeolus
404 1540 502 1620 haec
522 1559 687 1619 contra:
718 1542 844 1638 Tuus,
865 1570 889 1619 0
910 1543 1060 1650 regina,
1081 1542 1180 1650 quid
1200 1559 1311 1648 optes

177 1651 401 1759 Explorate
421 1654 533 1731 labor
550 1683 561 1748 ;
592 1652 696 1732 mihi
717 1655 820 1733 iussa
839 1681 1039 1761 capessere
1058 1652 1113 1734 fas
1133 1674 1202 1734 est.

176 1767 245 1843 Tu
266 1763 383 1859 mihi,
405 1767 691 1872 quodcumque
711 1766 789 1844 hoc
809 1768 935 1873 regni,
956 1783 1001 1844 tu
1021 1784 1174 1872 sceptra
1193 1765 1412 1872 Iovemque

179 1876 397 1971 Concilias,
419 1895 463 1955 tu
486 1878 551 1954 das
571 1878 700 1983 epulis
720 1878 956 1957 accumbere
977 1877 1128 1973 divom,

178 1989 222 2066 N
225 1987 511 2096 imborumque
530 1985 627 2068 facis
648 2005 1013 2096 tempestatumque
1032 2008 1252 2096 potentem.

235 2212 351 2291 Haec
372 2213 442 2291 ubi
464 2213 583 2309 dicta,
604 2241 750 2293 cavum
771 2241 957 2293 conversa
978 2211 1141 2320 cuspide
1161 2231 1343 2292 montem

178 2321 336 2430 Inpulit
356 2324 398 2404 in
420 2327 520 2404 latus
541 2352 551 2402 ε
583 2352 629 2404 ac
648 2326 773 2420 venti,
793 2327 903 2404 velut
923 2328 1084 2433 agmine
1105 2322 1225 2419 facto,

178 2435 272 2522 Qua
292 2436 384 2514 data
403 2457 531 2543 porta,
552 2456 674 2516 ruunt
692 2455 733 2515 et
753 2455 873 2516 terras
892 2439 1052 2517 turbine
1071 2437 1250 2544 perflant.

177 2545 403 2627 Incubuere
423 2549 538 2643 mari,
559 2567 774 2656 totumque
793 2576 816 2626 a
834 2549 993 2628 sedibus
1014 2549 1106 2628 imis

178 2658 273 2737 Una
294 2661 505 2768 Eurusque
525 2662 741 2768 Notusque
762 2680 882 2739 ruunt
903 2661 1121 2768 creberque
1140 2661 1323 2769 procellis

176 2770 355 2868 Africus,
377 2791 415 2851 et
435 2791 564 2851 vastos
583 2774 751 2851 volvunt
771 2771 820 2850 ad
839 2774 956 2851 litora
976 2773 1130 2852 fluctus.

177 2883 410 2990 Insequitur
430 2887 659 2991 clamorque
677 2885 812 2963 virum
831 2885 1057 2992 stridorque
1078 2885 1306 2964 rudentum.

177 2997 370 3103 Eripiunt
390 2997 523 3075 subito
543 2997 668 3076 nubes
689 2997 899 3104 caelumqu
973 2998 981 3014 '
1055 3023 1134 3104 que

176 3108 433 3187 Teucrorum
454 3136 504 3186 ex
525 3109 653 3188 oculis
673 3139 684 3203 ;
715 3128 839 3215 ponto
859 3136 912 3187 no
960 3075 1240 3188 incubata'tra.

175 3217 394 3298 Intonuere
414 3221 513 3326 poli,
534 3239 573 3298 et
594 3219 741 3300 crebris
760 3222 882 3300 micat
901 3221 1063 3328 ignibus
1082 3218 1230 3315 aether,

177 3331 515 3439 Praesentemque
532 3333 631 3411 viris
651 3333 849 3411 intentant
868 3335 1005 3411 omnia
1025 3351 1210 3411 mortem.

176 3443 398 3549 Extemplo
418 3445 579 3523 Aeneae
600 3446 807 3523 solvuntur
825 3441 975 3551 frigore
995 3443 1177 3524 membra
1196 3474 1208 3538 ;

177 3553 372 3662 Ingemit,
393 3575 432 3633 et
453 3556 634 3663 duplices
654 3556 819 3636 tendens
839 3557 887 3635 ad
907 3557 1035 3635 sidera
1056 3557 1203 3662 palmas

176 3669 293 3745 Talia
312 3694 411 3745 voce
432 3660 579 3748 refert:
613 3668 650 3749 O
673 3687 811 3776 terque
834 3689 1054 3776 quaterque
1074 3668 1194 3762 beati,

178 3778 282 3865 Quis
302 3800 394 3857 ante
415 3806 482 3857 ora
502 3798 664 3886 patrum
683 3781 830 3858 Troiae
849 3778 922 3858 sub
941 3779 1151 3859 moenibus
1171 3780 1260 3857 altis

178 3891 369 3996 Contigit
390 3913 580 3997 oppetere
603 3891 612 3971 l
644 3919 668 3969 o
690 3891 878 3970 Danaum
898 3887 1110 3970 fortissime
1130 3893 1259 3998 gentis

177 4001 366 4110 Tydide!
399 4029 517 4081 mene
538 4002 672 4082 Iliacis
693 4001 931 4081 occumbere
951 4003 1103 4108 campis

177 4115 276 4193 Non
297 4115 473 4220 potuisse
494 4133 641 4220 tuaque
662 4116 837 4193 animam
857 4113 960 4192 hanc
980 4113 1184 4192 effundere
1204 4114 1355 4212 dextra,

179 4227 325 4305 Saevus
346 4225 417 4304 ubi
437 4226 638 4305 Aeacidae
659 4228 738 4305 telo
759 4229 860 4306 iacet
882 4225 1053 4321 Hector,
1070 4226 1140 4305 ubi
1161 4226 1301 4332 ingens

870 4337 888 4370 ζ
