<?xml version="1.0" encoding="UTF-8"?>
<!DOCTYPE html PUBLIC "-//W3C//DTD XHTML 1.0 Transitional//EN"
    "http://www.w3.org/TR/xhtml1/DTD/xhtml1-transitional.dtd">
<html xmlns="http://www.w3.org/1999/xhtml" xml:lang="en" lang="en">
 <head>
  <title>
</title>
<meta http-equiv="Content-Type" content="text/html;charset=utf-8" />
  <meta name='ocr-system' content='tesseract 3.04.00' />
  <meta name='ocr-capabilities' content='ocr_page ocr_carea ocr_par ocr_line ocrx_word'/>
</head>
<body>
  <div class='ocr_page' id='page_1' title='image "aeneidvirgil00billgoog_0044.png"; bbox 0 0 3584 4522; ppageno 0'>
   <div class='ocr_carea' id='block_1_1' title="bbox 184 399 1305 1521">
    <p class='ocr_par' dir='ltr' id='par_1_1' title="bbox 184 399 1230 846">
     <span class='ocr_line' id='line_1_1' title="bbox 185 399 1141 510; baseline 0.004 -32"><span class='ocrx_word' id='word_1_1' title='bbox 185 399 273 481; x_wconf 92' lang='lat' dir='ltr'>Hic</span> <span class='ocrx_word' id='word_1_2' title='bbox 293 421 434 510; x_wconf 91' lang='lat' dir='ltr'>portus</span> <span class='ocrx_word' id='word_1_3' title='bbox 454 402 521 481; x_wconf 92' lang='lat' dir='ltr'>alii</span> <span class='ocrx_word' id='word_1_4' title='bbox 543 400 772 482; x_wconf 84' lang='lat' dir='ltr'>effodiunt:</span> <span class='ocrx_word' id='word_1_5' title='bbox 802 399 874 481; x_wconf 89' lang='lat' dir='ltr'>hic</span> <span class='ocrx_word' id='word_1_6' title='bbox 894 400 980 481; x_wconf 86' lang='lat' dir='ltr'>alta&#39;</span> <span class='ocrx_word' id='word_1_7' title='bbox 996 400 1141 482; x_wconf 75' lang='lat' dir='ltr'>theatri</span> 
     </span>
     <span class='ocr_line' id='line_1_2' title="bbox 184 513 1230 622; baseline 0.004 -32"><span class='ocrx_word' id='word_1_8' title='bbox 184 513 467 594; x_wconf 86' lang='lat' dir='ltr'>Fundamenta</span> <span class='ocrx_word' id='word_1_9' title='bbox 484 515 619 593; x_wconf 89' lang='lat' dir='ltr'>locant</span> <span class='ocrx_word' id='word_1_10' title='bbox 638 514 722 610; x_wconf 91' lang='lat' dir='ltr'>alii,</span> <span class='ocrx_word' id='word_1_11' title='bbox 743 515 1005 622; x_wconf 85' lang='lat' dir='ltr'><strong>inmanesque</strong></span> <span class='ocrx_word' id='word_1_12' title='bbox 1026 516 1230 595; x_wconf 88' lang='lat' dir='ltr'>columnas</span> 
     </span>
     <span class='ocr_line' id='line_1_3' title="bbox 184 624 1212 733; baseline 0.004 -30"><span class='ocrx_word' id='word_1_13' title='bbox 184 626 374 733; x_wconf 87' lang='lat' dir='ltr'>Rupibus</span> <span class='ocrx_word' id='word_1_14' title='bbox 394 625 601 721; x_wconf 84' lang='lat' dir='ltr'>excidunt,</span> <span class='ocrx_word' id='word_1_15' title='bbox 622 626 772 705; x_wconf 86' lang='lat' dir='ltr'>scaenis</span> <span class='ocrx_word' id='word_1_16' title='bbox 792 624 938 705; x_wconf 91' lang='lat' dir='ltr'>decora</span> <span class='ocrx_word' id='word_1_17' title='bbox 957 626 1037 705; x_wconf 91' lang='lat' dir='ltr'>alta</span> <span class='ocrx_word' id='word_1_18' title='bbox 1054 624 1212 707; x_wconf 89' lang='lat' dir='ltr'>futuris.</span> 
     </span>
     <span class='ocr_line' id='line_1_4' title="bbox 184 736 1070 846; baseline -0.001 -29"><span class='ocrx_word' id='word_1_19' title='bbox 184 739 326 825; x_wconf 90' lang='lat' dir='ltr'>Qualis</span> <span class='ocrx_word' id='word_1_20' title='bbox 347 765 439 846; x_wconf 89' lang='lat' dir='ltr'>apes</span> <span class='ocrx_word' id='word_1_21' title='bbox 459 756 605 816; x_wconf 87' lang='lat' dir='ltr'>aestate</span> <span class='ocrx_word' id='word_1_22' title='bbox 621 764 730 815; x_wconf 64' lang='lat' dir='ltr'>rnova</span> <span class='ocrx_word' id='word_1_23' title='bbox 750 765 822 843; x_wconf 94' lang='lat' dir='ltr'>per</span> <span class='ocrx_word' id='word_1_24' title='bbox 841 736 961 816; x_wconf 87' lang='lat' dir='ltr'>florea</span> <span class='ocrx_word' id='word_1_25' title='bbox 979 765 1070 816; x_wconf 91' lang='lat' dir='ltr'>rura</span> 
     </span>
    </p>

    <p class='ocr_par' dir='ltr' id='par_1_2' title="bbox 184 848 1143 1069">
     <span class='ocr_line' id='line_1_5' title="bbox 185 848 1143 956; baseline 0 -27"><span class='ocrx_word' id='word_1_26' title='bbox 185 851 361 929; x_wconf 86' lang='lat' dir='ltr'>Exercet</span> <span class='ocrx_word' id='word_1_27' title='bbox 381 848 453 929; x_wconf 90' lang='lat' dir='ltr'>sub</span> <span class='ocrx_word' id='word_1_28' title='bbox 475 850 556 928; x_wconf 90' lang='lat' dir='ltr'>sole</span> <span class='ocrx_word' id='word_1_29' title='bbox 576 849 703 943; x_wconf 89' lang='lat' dir='ltr'>labor,</span> <span class='ocrx_word' id='word_1_30' title='bbox 723 875 819 927; x_wconf 93' lang='lat' dir='ltr'>cum</span> <span class='ocrx_word' id='word_1_31' title='bbox 840 850 970 956; x_wconf 87' lang='lat' dir='ltr'>gentis</span> <span class='ocrx_word' id='word_1_32' title='bbox 990 850 1143 929; x_wconf 90' lang='lat' dir='ltr'>adultos</span> 
     </span>
     <span class='ocr_line' id='line_1_6' title="bbox 184 957 1080 1069; baseline -0.003 -27"><span class='ocrx_word' id='word_1_33' title='bbox 184 963 379 1042; x_wconf 91' lang='lat' dir='ltr'>Educunt</span> <span class='ocrx_word' id='word_1_34' title='bbox 399 957 517 1055; x_wconf 90' lang='lat' dir='ltr'>fetus,</span> <span class='ocrx_word' id='word_1_35' title='bbox 538 978 607 1039; x_wconf 94' lang='lat' dir='ltr'>aut</span> <span class='ocrx_word' id='word_1_36' title='bbox 629 987 724 1039; x_wconf 92' lang='lat' dir='ltr'>cum</span> <span class='ocrx_word' id='word_1_37' title='bbox 744 962 942 1069; x_wconf 87' lang='lat' dir='ltr'>liquentia</span> <span class='ocrx_word' id='word_1_38' title='bbox 961 962 1080 1040; x_wconf 91' lang='lat' dir='ltr'>mella</span> 
     </span>
    </p>

    <p class='ocr_par' dir='ltr' id='par_1_3' title="bbox 185 1071 1115 1181">
     <span class='ocr_line' id='line_1_7' title="bbox 185 1071 1115 1181; baseline -0.001 -28"><span class='ocrx_word' id='word_1_39' title='bbox 185 1076 346 1181; x_wconf 90' lang='lat' dir='ltr'>Stipant</span> <span class='ocrx_word' id='word_1_40' title='bbox 367 1092 407 1151; x_wconf 91' lang='lat' dir='ltr'>et</span> <span class='ocrx_word' id='word_1_41' title='bbox 428 1072 536 1152; x_wconf 92' lang='lat' dir='ltr'>dulci</span> <span class='ocrx_word' id='word_1_42' title='bbox 557 1071 789 1152; x_wconf 89' lang='lat' dir='ltr'>distendunt</span> <span class='ocrx_word' id='word_1_43' title='bbox 809 1091 968 1151; x_wconf 86' lang='lat' dir='ltr'>nectare</span> <span class='ocrx_word' id='word_1_44' title='bbox 989 1074 1115 1167; x_wconf 90' lang='lat' dir='ltr'>cellas,</span> 
     </span>
    </p>

    <p class='ocr_par' dir='ltr' id='par_1_4' title="bbox 184 1181 1305 1521">
     <span class='ocr_line' id='line_1_8' title="bbox 184 1181 1291 1293; baseline -0.001 -28"><span class='ocrx_word' id='word_1_45' title='bbox 184 1189 273 1265; x_wconf 90' lang='lat' dir='ltr'>Aut</span> <span class='ocrx_word' id='word_1_46' title='bbox 295 1211 415 1264; x_wconf 90' lang='lat' dir='ltr'>onera</span> <span class='ocrx_word' id='word_1_47' title='bbox 435 1186 641 1293; x_wconf 91' lang='lat' dir='ltr'>accipiunt</span> <span class='ocrx_word' id='word_1_48' title='bbox 661 1186 897 1264; x_wconf 86' lang='lat' dir='ltr'>venientum</span> <span class='ocrx_word' id='word_1_49' title='bbox 919 1203 987 1263; x_wconf 91' lang='lat' dir='ltr'>aut</span> <span class='ocrx_word' id='word_1_50' title='bbox 1008 1186 1166 1292; x_wconf 88' lang='lat' dir='ltr'>agmine</span> <span class='ocrx_word' id='word_1_51' title='bbox 1186 1181 1291 1264; x_wconf 88' lang='lat' dir='ltr'>facto</span> 
     </span>
     <span class='ocr_line' id='line_1_9' title="bbox 187 1294 1168 1405; baseline -0.003 -28"><span class='ocrx_word' id='word_1_52' title='bbox 187 1297 390 1404; x_wconf 87' lang='lat' dir='ltr'>Ignavum</span> <span class='ocrx_word' id='word_1_53' title='bbox 410 1294 522 1378; x_wconf 91' lang='lat' dir='ltr'>fucos</span> <span class='ocrx_word' id='word_1_54' title='bbox 542 1324 665 1405; x_wconf 86' lang='lat' dir='ltr'>pecus</span> <span class='ocrx_word' id='word_1_55' title='bbox 685 1325 707 1376; x_wconf 99' lang='lat' dir='ltr'>a</span> <span class='ocrx_word' id='word_1_56' title='bbox 726 1296 983 1405; x_wconf 86' lang='lat' dir='ltr'>praesepibus</span> <span class='ocrx_word' id='word_1_57' title='bbox 1007 1316 1168 1375; x_wconf 86' lang='lat' dir='ltr'>arcent:</span> 
     </span>
     <span class='ocr_line' id='line_1_10' title="bbox 186 1407 1305 1521; baseline 0.002 -33"><span class='ocrx_word' id='word_1_58' title='bbox 186 1411 333 1488; x_wconf 86' lang='lat' dir='ltr'>Fervet</span> <span class='ocrx_word' id='word_1_59' title='bbox 355 1437 469 1518; x_wconf 92' lang='lat' dir='ltr'>opus,</span> <span class='ocrx_word' id='word_1_60' title='bbox 490 1411 751 1518; x_wconf 87' lang='lat' dir='ltr'>redolentque</span> <span class='ocrx_word' id='word_1_61' title='bbox 772 1409 918 1521; x_wconf 88' lang='lat' dir='ltr'>thymo</span> <span class='ocrx_word' id='word_1_62' title='bbox 938 1407 1155 1515; x_wconf 85' lang='lat' dir='ltr'>fragrantia</span> <span class='ocrx_word' id='word_1_63' title='bbox 1174 1409 1305 1490; x_wconf 87' lang='lat' dir='ltr'>mella.</span> 
     </span>
    </p>
   </div>
   <div class='ocr_carea' id='block_1_2' title="bbox 96 1632 1283 2085">
    <p class='ocr_par' dir='ltr' id='par_1_5' title="bbox 96 1632 1283 2085">
     <span class='ocr_line' id='line_1_11' title="bbox 246 1632 1218 1744; baseline -0.001 -30"><span class='ocrx_word' id='word_1_64' title='bbox 246 1634 284 1714; x_wconf 94' lang='grc' dir='ltr'>Ο</span> <span class='ocrx_word' id='word_1_65' title='bbox 306 1632 518 1727; x_wconf 88' lang='lat' dir='ltr'>fortunati,</span> <span class='ocrx_word' id='word_1_66' title='bbox 539 1661 716 1741; x_wconf 92' lang='lat' dir='ltr'>quorum</span> <span class='ocrx_word' id='word_1_67' title='bbox 735 1635 816 1712; x_wconf 92' lang='lat' dir='ltr'>iam</span> <span class='ocrx_word' id='word_1_68' title='bbox 837 1634 1000 1712; x_wconf 90' lang='lat' dir='ltr'>moenia</span> <span class='ocrx_word' id='word_1_69' title='bbox 1020 1653 1187 1744; x_wconf 60' lang='lat' dir='ltr'>seugunt</span> <span class='ocrx_word' id='word_1_70' title='bbox 1208 1632 1218 1713; x_wconf 87' lang='lat' dir='ltr'>l</span> 
     </span>
     <span class='ocr_line' id='line_1_12' title="bbox 96 1742 1007 1853; baseline -0.001 -27"><span class='ocrx_word' id='word_1_71' title='bbox 96 1793 98 1797; x_wconf 82' lang='grc'><strong><em>·</em></strong></span> <span class='ocrx_word' id='word_1_72' title='bbox 188 1748 347 1826; x_wconf 85' lang='lat' dir='ltr'>Aeneas</span> <span class='ocrx_word' id='word_1_73' title='bbox 367 1747 438 1842; x_wconf 91' lang='lat' dir='ltr'>ait,</span> <span class='ocrx_word' id='word_1_74' title='bbox 460 1763 499 1823; x_wconf 92' lang='lat' dir='ltr'>et</span> <span class='ocrx_word' id='word_1_75' title='bbox 518 1742 677 1853; x_wconf 89' lang='lat' dir='ltr'>fastigia</span> <span class='ocrx_word' id='word_1_76' title='bbox 697 1746 865 1853; x_wconf 90' lang='lat' dir='ltr'>suspicit</span> <span class='ocrx_word' id='word_1_77' title='bbox 885 1746 1007 1825; x_wconf 87' lang='lat' dir='ltr'>urbis.</span> 
     </span>
     <span class='ocr_line' id='line_1_13' title="bbox 186 1856 1153 1964; baseline -0.003 -27"><span class='ocrx_word' id='word_1_78' title='bbox 186 1857 316 1937; x_wconf 87' lang='lat' dir='ltr'>infert</span> <span class='ocrx_word' id='word_1_79' title='bbox 336 1885 375 1936; x_wconf 89' lang='lat' dir='ltr'>se</span> <span class='ocrx_word' id='word_1_80' title='bbox 396 1877 551 1964; x_wconf 88' lang='lat' dir='ltr'>saeptus</span> <span class='ocrx_word' id='word_1_81' title='bbox 571 1856 961 1936; x_wconf 71' lang='lat' dir='ltr'>nebula—mifabile</span> <span class='ocrx_word' id='word_1_82' title='bbox 983 1857 1153 1936; x_wconf 92' lang='lat' dir='ltr'>dictu-</span> 
     </span>
     <span class='ocr_line' id='line_1_14' title="bbox 188 1964 1283 2085; baseline 0 -36"><span class='ocrx_word' id='word_1_83' title='bbox 188 1964 454 2064; x_wconf 66' lang='lat' dir='ltr'>Pei‘medios</span> <span class='ocrx_word' id='word_1_84' title='bbox 474 1969 699 2085; x_wconf 59' lang='lat' dir='ltr'>njiscetque</span> <span class='ocrx_word' id='word_1_85' title='bbox 717 1968 828 2066; x_wconf 81' lang='lat' dir='ltr'>viris,</span> <span class='ocrx_word' id='word_1_86' title='bbox 848 1995 980 2077; x_wconf 90' lang='lat' dir='ltr'>neque</span> <span class='ocrx_word' id='word_1_87' title='bbox 1001 1970 1176 2081; x_wconf 71' lang='lat' dir='ltr'>cernitur</span> <span class='ocrx_word' id='word_1_88' title='bbox 1196 1968 1283 2050; x_wconf 86' lang='lat' dir='ltr'>ulli.</span> 
     </span>
    </p>
   </div>
   <div class='ocr_carea' id='block_1_3' title="bbox 151 2190 1383 4200">
    <p class='ocr_par' dir='ltr' id='par_1_6' title="bbox 190 2190 1297 2746">
     <span class='ocr_line' id='line_1_15' title="bbox 248 2190 1288 2290; baseline 0 -19"><span class='ocrx_word' id='word_1_89' title='bbox 248 2193 387 2271; x_wconf 88' lang='lat' dir='ltr'>Lucus</span> <span class='ocrx_word' id='word_1_90' title='bbox 407 2193 449 2271; x_wconf 91' lang='lat' dir='ltr'>in</span> <span class='ocrx_word' id='word_1_91' title='bbox 470 2193 568 2271; x_wconf 90' lang='lat' dir='ltr'>urbe</span> <span class='ocrx_word' id='word_1_92' title='bbox 589 2190 670 2271; x_wconf 92' lang='lat' dir='ltr'>fuit</span> <span class='ocrx_word' id='word_1_93' title='bbox 690 2192 835 2289; x_wconf 89' lang='lat' dir='ltr'>media,</span> <span class='ocrx_word' id='word_1_94' title='bbox 855 2193 1092 2273; x_wconf 88' lang='lat' dir='ltr'>laetissimus</span> <span class='ocrx_word' id='word_1_95' title='bbox 1111 2193 1288 2290; x_wconf 89' lang='lat' dir='ltr'>umbrae,</span> 
     </span>
     <span class='ocr_line' id='line_1_16' title="bbox 190 2304 1172 2411; baseline 0 -29"><span class='ocrx_word' id='word_1_96' title='bbox 190 2305 287 2390; x_wconf 92' lang='lat' dir='ltr'>Quo</span> <span class='ocrx_word' id='word_1_97' title='bbox 309 2305 492 2411; x_wconf 92' lang='lat' dir='ltr'>primum</span> <span class='ocrx_word' id='word_1_98' title='bbox 512 2305 648 2384; x_wconf 90' lang='lat' dir='ltr'>iactati</span> <span class='ocrx_word' id='word_1_99' title='bbox 670 2304 785 2384; x_wconf 89' lang='lat' dir='ltr'>undis</span> <span class='ocrx_word' id='word_1_100' title='bbox 806 2322 846 2384; x_wconf 93' lang='lat' dir='ltr'>et</span> <span class='ocrx_word' id='word_1_101' title='bbox 866 2305 1028 2385; x_wconf 91' lang='lat' dir='ltr'>turbine</span> <span class='ocrx_word' id='word_1_102' title='bbox 1048 2304 1172 2384; x_wconf 91' lang='lat' dir='ltr'>Poeni</span> 
     </span>
     <span class='ocr_line' id='line_1_17' title="bbox 192 2415 1071 2523; baseline 0 -29"><span class='ocrx_word' id='word_1_103' title='bbox 192 2416 382 2495; x_wconf 88' lang='lat' dir='ltr'>Effodere</span> <span class='ocrx_word' id='word_1_104' title='bbox 401 2417 492 2494; x_wconf 91' lang='lat' dir='ltr'>loco</span> <span class='ocrx_word' id='word_1_105' title='bbox 513 2417 688 2522; x_wconf 92' lang='lat' dir='ltr'>signum,</span> <span class='ocrx_word' id='word_1_106' title='bbox 709 2416 817 2523; x_wconf 94' lang='lat' dir='ltr'>quod</span> <span class='ocrx_word' id='word_1_107' title='bbox 838 2418 949 2523; x_wconf 90' lang='lat' dir='ltr'>regia</span> <span class='ocrx_word' id='word_1_108' title='bbox 969 2415 1071 2495; x_wconf 91' lang='lat' dir='ltr'>Iuno</span> 
     </span>
     <span class='ocr_line' id='line_1_18' title="bbox 193 2526 1297 2636; baseline 0.003 -30"><span class='ocrx_word' id='word_1_109' title='bbox 193 2529 458 2623; x_wconf 90' lang='lat' dir='ltr'>Monstrarat‚</span> <span class='ocrx_word' id='word_1_110' title='bbox 480 2547 600 2636; x_wconf 92' lang='lat' dir='ltr'>caput</span> <span class='ocrx_word' id='word_1_111' title='bbox 621 2528 720 2607; x_wconf 91' lang='lat' dir='ltr'>acris</span> <span class='ocrx_word' id='word_1_112' title='bbox 741 2529 836 2635; x_wconf 93' lang='lat' dir='ltr'>equi</span> <span class='ocrx_word' id='word_1_113' title='bbox 858 2559 868 2623; x_wconf 91' lang='lat'><strong>;</strong></span> <span class='ocrx_word' id='word_1_114' title='bbox 899 2530 957 2607; x_wconf 92' lang='lat' dir='ltr'>sic</span> <span class='ocrx_word' id='word_1_115' title='bbox 976 2555 1070 2606; x_wconf 89' lang='lat' dir='ltr'>nam</span> <span class='ocrx_word' id='word_1_116' title='bbox 1088 2526 1173 2605; x_wconf 84' lang='lat' dir='ltr'>fore</span> <span class='ocrx_word' id='word_1_117' title='bbox 1191 2528 1297 2609; x_wconf 91' lang='lat' dir='ltr'>bello</span> 
     </span>
     <span class='ocr_line' id='line_1_19' title="bbox 193 2638 1247 2746; baseline 0.003 -28"><span class='ocrx_word' id='word_1_118' title='bbox 193 2640 417 2746; x_wconf 90' lang='lat' dir='ltr'>Egregiam</span> <span class='ocrx_word' id='word_1_119' title='bbox 437 2658 477 2718; x_wconf 95' lang='lat' dir='ltr'>et</span> <span class='ocrx_word' id='word_1_120' title='bbox 495 2638 657 2718; x_wconf 89' lang='lat' dir='ltr'>facilem</span> <span class='ocrx_word' id='word_1_121' title='bbox 678 2641 788 2718; x_wconf 89' lang='lat' dir='ltr'>victu</span> <span class='ocrx_word' id='word_1_122' title='bbox 807 2666 879 2746; x_wconf 91' lang='lat' dir='ltr'>per</span> <span class='ocrx_word' id='word_1_123' title='bbox 899 2639 1052 2719; x_wconf 91' lang='lat' dir='ltr'>saecula</span> <span class='ocrx_word' id='word_1_124' title='bbox 1072 2657 1247 2746; x_wconf 91' lang='lat' dir='ltr'>gentem.</span> 
     </span>
    </p>

    <p class='ocr_par' dir='ltr' id='par_1_7' title="bbox 151 2750 1243 3183">
     <span class='ocr_line' id='line_1_20' title="bbox 151 2750 1150 2859; baseline -0.002 -29"><span class='ocrx_word' id='word_1_125' title='bbox 151 2823 159 2840; x_wconf 85' lang='lat'>,</span> <span class='ocrx_word' id='word_1_126' title='bbox 195 2752 283 2830; x_wconf 91' lang='lat' dir='ltr'>Hic</span> <span class='ocrx_word' id='word_1_127' title='bbox 304 2751 504 2859; x_wconf 90' lang='lat' dir='ltr'>templum</span> <span class='ocrx_word' id='word_1_128' title='bbox 525 2750 674 2830; x_wconf 92' lang='lat' dir='ltr'>Iunoni</span> <span class='ocrx_word' id='word_1_129' title='bbox 695 2753 835 2858; x_wconf 89' lang='lat' dir='ltr'>ingens</span> <span class='ocrx_word' id='word_1_130' title='bbox 856 2751 1022 2831; x_wconf 91' lang='lat' dir='ltr'>Sidonia</span> <span class='ocrx_word' id='word_1_131' title='bbox 1040 2750 1150 2831; x_wconf 91' lang='lat' dir='ltr'>Dido</span> 
     </span>
     <span class='ocr_line' id='line_1_21' title="bbox 195 2861 1212 2971; baseline 0.001 -29"><span class='ocrx_word' id='word_1_132' title='bbox 195 2863 422 2959; x_wconf 89' lang='lat' dir='ltr'>Condebat,</span> <span class='ocrx_word' id='word_1_133' title='bbox 444 2863 559 2942; x_wconf 92' lang='lat' dir='ltr'>donis</span> <span class='ocrx_word' id='word_1_134' title='bbox 580 2865 817 2971; x_wconf 89' lang='lat' dir='ltr'>opulentum</span> <span class='ocrx_word' id='word_1_135' title='bbox 839 2882 878 2941; x_wconf 92' lang='lat' dir='ltr'>et</span> <span class='ocrx_word' id='word_1_136' title='bbox 898 2864 1066 2942; x_wconf 90' lang='lat' dir='ltr'>numine</span> <span class='ocrx_word' id='word_1_137' title='bbox 1085 2861 1212 2960; x_wconf 90' lang='lat' dir='ltr'>divae,</span> 
     </span>
     <span class='ocr_line' id='line_1_22' title="bbox 195 2974 1243 3085; baseline 0.002 -31"><span class='ocrx_word' id='word_1_138' title='bbox 195 2978 326 3054; x_wconf 89' lang='lat' dir='ltr'>Aerea</span> <span class='ocrx_word' id='word_1_139' title='bbox 346 2977 414 3055; x_wconf 92' lang='lat' dir='ltr'>cui</span> <span class='ocrx_word' id='word_1_140' title='bbox 436 2974 624 3082; x_wconf 91' lang='lat' dir='ltr'>gradibus</span> <span class='ocrx_word' id='word_1_141' title='bbox 644 2974 858 3085; x_wconf 84' lang='lat' dir='ltr'>surgebant</span> <span class='ocrx_word' id='word_1_142' title='bbox 877 2976 1021 3054; x_wconf 90' lang='lat' dir='ltr'>limina</span> <span class='ocrx_word' id='word_1_143' title='bbox 1040 2984 1243 3084; x_wconf 81' lang='lat' dir='ltr'>nexaeque</span> 
     </span>
     <span class='ocr_line' id='line_1_23' title="bbox 193 3084 1129 3183; baseline 0 -17"><span class='ocrx_word' id='word_1_144' title='bbox 193 3089 302 3166; x_wconf 90' lang='lat' dir='ltr'>Aere</span> <span class='ocrx_word' id='word_1_145' title='bbox 324 3088 467 3183; x_wconf 89' lang='lat' dir='ltr'>trabes,</span> <span class='ocrx_word' id='word_1_146' title='bbox 488 3084 640 3167; x_wconf 90' lang='lat' dir='ltr'>foribus</span> <span class='ocrx_word' id='word_1_147' title='bbox 661 3087 780 3165; x_wconf 91' lang='lat' dir='ltr'>cardo</span> <span class='ocrx_word' id='word_1_148' title='bbox 801 3085 992 3166; x_wconf 92' lang='lat' dir='ltr'>stridebat</span> <span class='ocrx_word' id='word_1_149' title='bbox 1012 3088 1129 3166; x_wconf 85' lang='lat' dir='ltr'>aenis.</span> 
     </span>
    </p>

    <p class='ocr_par' dir='ltr' id='par_1_8' title="bbox 196 3198 1240 3417">
     <span class='ocr_line' id='line_1_24' title="bbox 197 3198 1240 3304; baseline 0 -26"><span class='ocrx_word' id='word_1_150' title='bbox 197 3200 295 3278; x_wconf 93' lang='lat' dir='ltr'>Hoc</span> <span class='ocrx_word' id='word_1_151' title='bbox 316 3201 499 3304; x_wconf 91' lang='lat' dir='ltr'>primum</span> <span class='ocrx_word' id='word_1_152' title='bbox 519 3200 561 3278; x_wconf 93' lang='lat' dir='ltr'>in</span> <span class='ocrx_word' id='word_1_153' title='bbox 582 3201 674 3279; x_wconf 93' lang='lat' dir='ltr'>luco</span> <span class='ocrx_word' id='word_1_154' title='bbox 689 3225 799 3279; x_wconf 68' lang='lat' dir='ltr'>‚nova</span> <span class='ocrx_word' id='word_1_155' title='bbox 819 3225 878 3278; x_wconf 90' lang='lat' dir='ltr'>res</span> <span class='ocrx_word' id='word_1_156' title='bbox 898 3198 1032 3277; x_wconf 91' lang='lat' dir='ltr'>oblata</span> <span class='ocrx_word' id='word_1_157' title='bbox 1051 3200 1240 3279; x_wconf 88' lang='lat' dir='ltr'>timorem</span> 
     </span>
     <span class='ocr_line' id='line_1_25' title="bbox 196 3310 1178 3417; baseline 0.001 -29"><span class='ocrx_word' id='word_1_158' title='bbox 196 3311 350 3406; x_wconf 91' lang='lat' dir='ltr'>Leniit,</span> <span class='ocrx_word' id='word_1_159' title='bbox 370 3310 440 3389; x_wconf 93' lang='lat' dir='ltr'>hic</span> <span class='ocrx_word' id='word_1_160' title='bbox 460 3312 641 3417; x_wconf 91' lang='lat' dir='ltr'>primum</span> <span class='ocrx_word' id='word_1_161' title='bbox 660 3312 821 3414; x_wconf 75' lang='lat' dir='ltr'>Aeneas</span> <span class='ocrx_word' id='word_1_162' title='bbox 837 3338 853 3403; x_wconf 86' lang='lat' dir='ltr'>s</span> <span class='ocrx_word' id='word_1_163' title='bbox 884 3337 993 3415; x_wconf 85' lang='lat' dir='ltr'>erare</span> <span class='ocrx_word' id='word_1_164' title='bbox 1012 3311 1178 3390; x_wconf 89' lang='lat' dir='ltr'>salutem</span> 
     </span>
    </p>

    <p class='ocr_par' dir='ltr' id='par_1_9' title="bbox 198 3338 1112 3502">
     <span class='ocr_line' id='line_1_26' title="bbox 198 3338 1112 3502; baseline 0.001 -1"><span class='ocrx_word' id='word_1_165' title='bbox 198 3426 332 3502; x_wconf 90' lang='lat' dir='ltr'>Ausus</span> <span class='ocrx_word' id='word_1_166' title='bbox 353 3443 393 3500; x_wconf 92' lang='lat' dir='ltr'>et</span> <span class='ocrx_word' id='word_1_167' title='bbox 413 3421 582 3502; x_wconf 89' lang='lat' dir='ltr'>adflictis</span> <span class='ocrx_word' id='word_1_168' title='bbox 602 3419 744 3502; x_wconf 91' lang='lat' dir='ltr'>melius</span> <span class='ocrx_word' id='word_1_169' title='bbox 765 3338 965 3501; x_wconf 65' lang='lat' dir='ltr'>conddere</span> <span class='ocrx_word' id='word_1_170' title='bbox 985 3421 1112 3502; x_wconf 90' lang='lat' dir='ltr'>rebus.</span> 
     </span>
    </p>

    <p class='ocr_par' dir='ltr' id='par_1_10' title="bbox 198 3533 1311 3975">
     <span class='ocr_line' id='line_1_27' title="bbox 199 3533 1302 3643; baseline 0.001 -31"><span class='ocrx_word' id='word_1_171' title='bbox 199 3535 394 3640; x_wconf 92' lang='lat' dir='ltr'>Namque</span> <span class='ocrx_word' id='word_1_172' title='bbox 414 3535 486 3613; x_wconf 91' lang='lat' dir='ltr'>sub</span> <span class='ocrx_word' id='word_1_173' title='bbox 507 3536 662 3640; x_wconf 91' lang='lat' dir='ltr'>ingenti</span> <span class='ocrx_word' id='word_1_174' title='bbox 683 3535 823 3614; x_wconf 89' lang='lat' dir='ltr'>lustrat</span> <span class='ocrx_word' id='word_1_175' title='bbox 844 3533 942 3612; x_wconf 92' lang='lat' dir='ltr'>dum</span> <span class='ocrx_word' id='word_1_176' title='bbox 963 3534 1117 3641; x_wconf 90' lang='lat' dir='ltr'>singula</span> <span class='ocrx_word' id='word_1_177' title='bbox 1137 3535 1302 3643; x_wconf 92' lang='lat' dir='ltr'>templo,</span> 
     </span>
     <span class='ocr_line' id='line_1_28' title="bbox 199 3646 1294 3754; baseline 0.001 -31"><span class='ocrx_word' id='word_1_178' title='bbox 199 3646 405 3753; x_wconf 87' lang='lat' dir='ltr'>Reginam</span> <span class='ocrx_word' id='word_1_179' title='bbox 426 3649 650 3754; x_wconf 89' lang='lat' dir='ltr'>opperiens,</span> <span class='ocrx_word' id='word_1_180' title='bbox 672 3647 783 3744; x_wconf 90' lang='lat' dir='ltr'>dum,</span> <span class='ocrx_word' id='word_1_181' title='bbox 803 3673 906 3753; x_wconf 89' lang='lat' dir='ltr'>quae</span> <span class='ocrx_word' id='word_1_182' title='bbox 928 3646 1103 3725; x_wconf 88' lang='lat' dir='ltr'>Fortuna</span> <span class='ocrx_word' id='word_1_183' title='bbox 1121 3648 1171 3725; x_wconf 92' lang='lat' dir='ltr'>sit</span> <span class='ocrx_word' id='word_1_184' title='bbox 1191 3648 1294 3741; x_wconf 91' lang='lat' dir='ltr'>urbi,</span> 
     </span>
     <span class='ocr_line' id='line_1_29' title="bbox 198 3754 1311 3865; baseline 0.001 -29"><span class='ocrx_word' id='word_1_185' title='bbox 198 3754 502 3865; x_wconf 91' lang='lat' dir='ltr'>Artificumque</span> <span class='ocrx_word' id='word_1_186' title='bbox 523 3785 663 3837; x_wconf 86' lang='lat' dir='ltr'>manus</span> <span class='ocrx_word' id='word_1_187' title='bbox 683 3760 788 3837; x_wconf 89' lang='lat' dir='ltr'>inter</span> <span class='ocrx_word' id='word_1_188' title='bbox 808 3785 847 3837; x_wconf 90' lang='lat' dir='ltr'>se</span> <span class='ocrx_word' id='word_1_189' title='bbox 867 3784 1115 3864; x_wconf 90' lang='lat' dir='ltr'>operumque</span> <span class='ocrx_word' id='word_1_190' title='bbox 1133 3757 1311 3838; x_wconf 89' lang='lat' dir='ltr'>laborem</span> 
     </span>
     <span class='ocr_line' id='line_1_30' title="bbox 202 3868 1101 3975; baseline -0.002 -25"><span class='ocrx_word' id='word_1_191' title='bbox 202 3871 396 3964; x_wconf 90' lang='lat' dir='ltr'>Miratur,</span> <span class='ocrx_word' id='word_1_192' title='bbox 416 3871 529 3948; x_wconf 89' lang='lat' dir='ltr'>videt</span> <span class='ocrx_word' id='word_1_193' title='bbox 551 3871 693 3950; x_wconf 89' lang='lat' dir='ltr'>Iliacas</span> <span class='ocrx_word' id='word_1_194' title='bbox 713 3896 763 3948; x_wconf 86' lang='lat' dir='ltr'>ex</span> <span class='ocrx_word' id='word_1_195' title='bbox 783 3868 923 3948; x_wconf 89' lang='lat' dir='ltr'>ordine</span> <span class='ocrx_word' id='word_1_196' title='bbox 950 3896 1101 3975; x_wconf 89' lang='lat' dir='ltr'>pugnas</span> 
     </span>
    </p>

    <p class='ocr_par' dir='ltr' id='par_1_11' title="bbox 201 3978 1383 4200">
     <span class='ocr_line' id='line_1_31' title="bbox 202 3978 1221 4088; baseline -0.002 -28"><span class='ocrx_word' id='word_1_197' title='bbox 202 3981 393 4088; x_wconf 90' lang='lat' dir='ltr'>Bellaque</span> <span class='ocrx_word' id='word_1_198' title='bbox 414 3982 497 4058; x_wconf 94' lang='lat' dir='ltr'>iam</span> <span class='ocrx_word' id='word_1_199' title='bbox 516 3978 625 4060; x_wconf 87' lang='lat' dir='ltr'>fama</span> <span class='ocrx_word' id='word_1_200' title='bbox 644 3999 777 4061; x_wconf 92' lang='lat' dir='ltr'>totum</span> <span class='ocrx_word' id='word_1_201' title='bbox 795 3982 959 4086; x_wconf 81' lang='lat' dir='ltr'>volgata</span> <span class='ocrx_word' id='word_1_202' title='bbox 978 4006 1050 4086; x_wconf 91' lang='lat' dir='ltr'>per</span> <span class='ocrx_word' id='word_1_203' title='bbox 1069 3980 1221 4076; x_wconf 90' lang='lat' dir='ltr'>orbem,</span> 
     </span>
     <span class='ocr_line' id='line_1_32' title="bbox 201 4091 1383 4200; baseline -0.001 -27"><span class='ocrx_word' id='word_1_204' title='bbox 201 4095 378 4189; x_wconf 89' lang='lat' dir='ltr'>Atridas,</span> <span class='ocrx_word' id='word_1_205' title='bbox 402 4094 704 4200; x_wconf 90' lang='lat' dir='ltr'>Priamumque,</span> <span class='ocrx_word' id='word_1_206' title='bbox 726 4112 765 4171; x_wconf 90' lang='lat' dir='ltr'>et</span> <span class='ocrx_word' id='word_1_207' title='bbox 785 4119 946 4172; x_wconf 89' lang='lat' dir='ltr'>saevum</span> <span class='ocrx_word' id='word_1_208' title='bbox 966 4093 1159 4171; x_wconf 91' lang='lat' dir='ltr'>ambobus</span> <span class='ocrx_word' id='word_1_209' title='bbox 1179 4091 1383 4173; x_wconf 89' lang='lat' dir='ltr'>Achillen.</span> 
     </span>
    </p>
   </div>
   <div class='ocr_carea' id='block_1_4' title="bbox 203 4205 1450 4356">
    <p class='ocr_par' dir='ltr' id='par_1_12' title="bbox 203 4205 1450 4356">
     <span class='ocr_line' id='line_1_33' title="bbox 203 4205 1450 4356; baseline 0.001 -73"><span class='ocrx_word' id='word_1_210' title='bbox 203 4207 414 4301; x_wconf 91' lang='lat' dir='ltr'>Constitit,</span> <span class='ocrx_word' id='word_1_211' title='bbox 436 4224 476 4284; x_wconf 90' lang='lat' dir='ltr'>et</span> <span class='ocrx_word' id='word_1_212' title='bbox 495 4206 719 4300; x_wconf 90' lang='lat' dir='ltr'>lacrimans,</span> <span class='ocrx_word' id='word_1_213' title='bbox 740 4205 843 4291; x_wconf 92' lang='lat' dir='ltr'>Quis</span> <span class='ocrx_word' id='word_1_214' title='bbox 862 4206 945 4356; x_wconf 67' lang='lat' dir='ltr'>iarp</span> <span class='ocrx_word' id='word_1_215' title='bbox 965 4205 1088 4300; x_wconf 92' lang='lat' dir='ltr'>locus,</span> <span class='ocrx_word' id='word_1_216' title='bbox 1108 4206 1256 4313; x_wconf 92' lang='lat' dir='ltr'>inquit,</span> <span class='ocrx_word' id='word_1_217' title='bbox 1276 4205 1450 4300; x_wconf 91' lang='lat' dir='ltr'>Achate,</span> 
     </span>
    </p>
   </div>
   <div class='ocr_carea' id='block_1_5' title="bbox 0 0 1817 4522">
    <p class='ocr_par' dir='ltr' id='par_1_13' title="bbox 0 0 1817 4522">
     <span class='ocr_line' id='line_1_34' title="bbox 0 0 1817 4522; baseline 0 0"><span class='ocrx_word' id='word_1_218' title='bbox 0 0 1817 4522; x_wconf 95' lang='lat' dir='ltr'> </span> 
     </span>
    </p>
   </div>
  </div>
 </body>
</html>
