3584 4522
186 444 302 524 Tum
322 444 500 525 breviter
519 442 646 538 Dido,
664 443 824 523 voltum
843 442 1022 538 demissa,
1042 437 1248 549 profatur:

247 669 400 749 Solvite
419 665 542 747 corde
561 685 733 763 metum,
751 667 916 761 Teucri,
936 665 1128 745 secludite
1145 693 1269 747 curas.

100 846 105 853 .
189 780 272 860 Res
292 782 392 861 dura
411 797 452 858 et
472 779 588 887 regni
607 779 763 859 novitas
782 804 849 856 me
869 778 964 856 talia
982 797 1134 886 cogunt

188 894 353 988 Moliri,
373 911 414 971 et
432 892 512 969 late
531 888 630 970 fines
649 889 815 970 custode
834 891 949 968 tueri.

187 1005 292 1091 Quis
313 1029 439 1111 genus
459 1002 712 1096 Aeneadum,
733 1003 822 1110 quis
841 1002 989 1081 Troiae
1007 1002 1155 1082 nesciat
1174 1005 1328 1098 urbem,

188 1117 456 1223 Virtutesque
473 1116 674 1221 virosque,
695 1134 765 1194 aut
782 1115 885 1205 tanti
904 1114 1088 1193 incendia
1105 1114 1230 1195 belli?

188 1229 288 1307 Non
310 1225 479 1308 obtunsa
499 1226 599 1305 adeo
619 1245 818 1334 gestamus
837 1247 1000 1334 pectora
1019 1226 1159 1323 Poeni,

188 1341 281 1419 Nec
302 1360 387 1419 tam
408 1355 564 1419 aversus
584 1365 708 1448 equos
725 1339 852 1449 Tyria
872 1339 939 1418 Sol
958 1339 1091 1446 iungit
1110 1339 1159 1419 ab
1179 1337 1287 1418 urbe.

188 1451 267 1530 Seu
287 1479 358 1531 vos
380 1452 625 1558 Hesperiam
646 1477 834 1559 magnam
855 1451 1116 1559 Saturniaque
1134 1478 1240 1548 arva,

187 1563 281 1643 Sive
304 1564 449 1672 Erycis
467 1561 567 1642 fines
586 1589 805 1673 regemque
826 1566 972 1672 optatis
984 1566 1173 1660 Acesten,
1416 1642 1430 1688 X,
1512 1586 1592 1669 570

184 1676 357 1755 Auxilio
378 1696 487 1756 tutos
508 1674 728 1772 dimittam,
749 1676 971 1784 opibusque
991 1676 1149 1756 iuvabo.
1370 1686 1422 1776 ἠὲ
1471 1749 1486 1781 ,,

185 1789 321 1867 Voltis
342 1808 382 1867 et
402 1788 465 1867 his
485 1813 649 1866 mecum
669 1789 817 1894 pariter
836 1787 1038 1867 considere
1058 1788 1218 1895 regnis?
1298 1776 1391 1893 &5:²⁴
1447 1823 1467 1871 ,v

185 1899 346 1979 Urbem
367 1926 491 2008 quam
510 1916 657 1994 statuo,
669 1919 799 2090 Vm
818 1920 876 1978 est
895 1931 905 1996 ;
935 1899 1143 1980 subducite
1163 1927 1280 1979 naves
1298 1894 1347 1970 4⁹
1372 1901 1437 1988 ἡ*
1449 1887 1544 1993 μὟ
1556 1866 1622 1941 ***

183 2014 290 2092 Tros
310 2013 542 2122 Tyriusque
562 2010 668 2090 mihi
688 2012 800 2090 nullo
821 2008 1220 2120 discrimineagetur.
1235 1963 1330 2077 1²³
1363 1992 1440 2117 ,ᾗ
1458 1994 1499 2127 ξ’
1529 1989 1617 2113 pb

184 2126 325 2231 Atque
345 2125 505 2203 utinam
525 2149 596 2202 rex
615 2102 706 2231 ips?
721 2125 836 2203 Noto
857 2125 1070 2233 conpulsus
1090 2123 1230 2205 eodem
1297 2134 1367 2229 ⁸⁸²5
1412 2096 1443 2171 b
1512 2116 1589 2230 575

185 2233 360 2315 Adforet
380 2235 566 2314 Aeneas!
597 2236 800 2343 Equidem
820 2264 891 2345 per
910 2237 1027 2317 litora
1046 2256 1171 2317 certos

185 2348 412 2428 Dimittam
432 2365 473 2425 et
493 2347 646 2456 Libyae
664 2349 828 2427 lustrare
848 2367 1027 2428 extrema
1045 2349 1204 2444 iubebo,

185 2459 226 2538 Si
251 2459 398 2567 quibus
418 2460 570 2538 eiectus
588 2459 697 2538 silvis
717 2477 785 2538 aut
805 2460 969 2541 urbibus
989 2479 1103 2540 errat.
1146 2540 1150 2549 ,

244 2682 326 2761 His
346 2682 531 2761 animum
551 2682 694 2762 arrecti
714 2682 832 2762 dictis
852 2704 892 2763 et
909 2681 1215 2764 fortisAchates

184 2794 242 2873 Et
262 2812 378 2901 pater
397 2796 555 2873 Aeneas
575 2795 812 2874 iamdudum
832 2790 1039 2904 erumpere
1059 2796 1208 2876 nubem

185 2904 408 2985 Ardebant.
471 2905 587 2984 Prior
604 2908 770 2986 Aenean
790 2908 1004 3016 compellat
1024 2909 1227 2989 Achates:

55 3071 58 3079 .
177 3018 407 3127 ΒΑΜ,
429 3044 532 3125 quae
552 3045 660 3099 nunc
680 3021 817 3098 animo
838 3022 1033 3099 sententia
1052 3022 1209 3128 surgit?

186 3127 341 3209 Omnia
361 3147 449 3208 tuta
468 3129 593 3228 vides,
614 3132 778 3210 classem
797 3134 1003 3239 sociosque
1023 3152 1212 3240 receptos.

187 3242 307 3320 Unus
327 3241 451 3337 abest,
472 3242 607 3322 medio
627 3243 670 3322 in
690 3241 817 3323 fluctu
837 3270 960 3352 quern
978 3244 1153 3323 vidimus
1172 3245 1249 3354 ipsi

185 3353 480 3450 Submersum3
512 3353 628 3434 dictis
648 3356 887 3463 respondent
906 3376 1037 3435 cetera
1055 3359 1202 3436 matris.
1241 3389 1285 3440 s

184 3465 273 3542 Vix
292 3491 338 3542 ea
357 3461 464 3544 fatus
486 3483 583 3562 erat,
605 3493 699 3546 cum
719 3464 958 3547 circumfusa
977 3486 1139 3576 repente

186 3575 346 3655 Scindit
365 3603 405 3655 se
425 3576 552 3657 nubes
573 3599 612 3658 et
632 3580 675 3657 in
695 3579 854 3658 aethera
874 3599 1019 3687 purgat
1039 3600 1231 3687 apertum.

187 3687 358 3766 Restitit
378 3690 536 3769 Aeneas
556 3691 739 3799 claraque
759 3693 802 3770 in
821 3692 911 3771 luce
931 3690 1098 3787 refulsit,

187 3801 247 3879 Os
269 3826 511 3909 umerosque
531 3802 605 3882 deo
626 3803 768 3882 similis
785 3834 796 3899 ;
827 3830 1001 3911 namque
1021 3799 1105 3910 ipsa
1124 3803 1306 3884 decoram

187 3912 416 3991 Caesariem
436 3931 531 3992 nato
552 3916 736 4021 genetrix
756 3916 974 4021 lumenque
995 3916 1178 3994 iuventae

186 4022 445 4130 Purpureum
466 4044 507 4102 et
525 4025 647 4104 laetos
668 4027 792 4104 oculis
813 4025 972 4104 adflarat
992 4025 1188 4106 honores:

186 4134 316 4240 Quale
336 4162 478 4215 manus
499 4135 652 4214 addunt
672 4137 783 4216 ebori
805 4137 936 4233 decus,
958 4159 1026 4217 aut
1046 4138 1115 4218 ubi
1134 4137 1236 4219 flavo

183 4248 418 4355 Argentum
440 4247 627 4326 Pariusve
647 4249 746 4355 lapis
767 4249 1038 4329 circumdatur
1057 4276 1165 4331 auro.

884 4389 891 4392 .
904 4363 921 4392 I
