3584 4522
209 470 351 548 Tertia
370 469 469 548 dum
491 468 608 546 Latio
628 486 865 574 regnantem
883 467 1032 546 viderit
1049 486 1184 560 aestas,

208 582 424 688 Ternaque
446 580 675 659 transierint
694 579 860 659 Rutulis
878 579 1047 658 hiberna
1064 577 1250 658 subactis.

210 694 270 772 At
289 721 389 800 puer
409 693 619 786 Ascanius,
639 692 707 771 cui
726 717 836 770 nunc
855 717 1082 798 cognomen
1103 689 1194 768 Iulo

210 805 545 897 Additur‚—Ilus
568 823 666 898 erat,
686 802 787 882 dum
806 829 867 882 res
885 806 995 882 stetit
1015 802 1091 882 Ilia
1110 828 1291 908 regno-

210 918 403 1023 Triginta
422 942 589 1022 magnos
604 916 811 994 volvendis
832 915 1034 994 mensibus
1054 915 1167 994 orbes

211 1029 393 1136 Imperio
413 1029 607 1135 explebit,
626 1053 878 1134 regnumque
896 1027 947 1106 ab
966 1027 1057 1106 sede
1077 1025 1221 1105 Lavini

209 1136 454 1234 Transferet,
475 1160 516 1218 et
537 1141 721 1246 Longam
740 1142 869 1217 multa
888 1141 929 1218 vi
950 1140 1108 1217 muniet
1126 1137 1290 1217 Albam.

213 1252 299 1329 Hic
321 1253 402 1329 iam
423 1272 482 1330 ter
503 1271 665 1331 centum
685 1271 789 1331 totos
808 1251 1041 1359 regnabitur
1058 1276 1180 1328 annos

212 1364 348 1442 Gente
367 1365 439 1443 sub
460 1366 678 1458 Hectorea,
696 1364 824 1443 donec
843 1365 982 1471 regina
1000 1361 1177 1443 sacerdos

213 1475 351 1554 Marte
372 1478 502 1582 gravis
522 1478 726 1583 geminam
744 1497 863 1585 partu
882 1476 996 1555 dabit
1015 1475 1090 1554 Ilia
1108 1475 1276 1582 prolem.

212 1586 314 1666 Inde
334 1589 452 1695 lupae
472 1586 582 1666 fulvo
601 1590 768 1667 nutricis
789 1591 969 1695 tegmine
987 1590 1112 1666 laetus

214 1700 413 1777 Romulus
434 1701 609 1807 excipiet
628 1721 804 1806 gentem,
824 1721 865 1778 et
886 1701 1093 1779 Mavortia
1112 1697 1258 1777 condet

214 1810 386 1889 Moenia
408 1811 693 1917 Romanosque
712 1837 783 1890 suo
802 1810 851 1889 de
870 1813 1036 1890 nomine
1055 1812 1174 1889 dicet.

214 1922 297 2000 His
317 1948 393 2027 ego
414 1949 487 2000 nec
507 1944 632 2001 metas
651 1950 785 2001 rerum
804 1949 880 2001 nec
900 1944 1081 2031 tempora
1098 1949 1207 2030 pono
1224 1951 1236 2013 ;

213 2032 442 2141 Imperium
461 2037 545 2112 sine
562 2030 644 2112 fine
664 2034 768 2113 dedi.
828 2035 941 2121 Quin
962 2061 1096 2142 aspera
1116 2033 1232 2127 Iuno,

213 2145 330 2231 Quae
349 2172 458 2223 mare
479 2173 586 2224 nunc
606 2166 805 2255 terrasque
823 2167 938 2226 metu
957 2149 1192 2253 caelumque
1209 2142 1365 2251 fatigat,

213 2258 395 2335 Consilia
414 2259 455 2335 in
477 2259 617 2336 melius
637 2255 792 2354 referet,
813 2286 1056 2367 mecumque
1073 2255 1228 2338 fovebit

214 2369 435 2462 Romanos,
456 2397 590 2448 rerum
610 2370 807 2465 dominos,
828 2391 1072 2478 gentemque
1092 2390 1283 2477 togatam.

213 2480 280 2558 Sic
299 2482 510 2588 placitum.
568 2482 719 2560 Veniet
737 2484 869 2561 lustris
888 2483 1114 2563 labentibus
1132 2502 1250 2575 aetas,

214 2592 323 2670 Cum
344 2592 487 2670 domus
507 2593 686 2672 Assaraci
708 2592 904 2673 Phthiam
923 2596 1124 2702 clarasque
1144 2594 1340 2702 Mycenas

214 2702 388 2782 Servitio
408 2724 565 2810 premet
584 2732 631 2783 ac
648 2706 767 2784 victis
786 2704 1062 2785 dominabitur
1082 2708 1217 2813 Argis.

215 2815 417 2894 Nascetur
436 2815 604 2922 pulchra
623 2818 823 2896 Troianus
843 2819 1001 2925 origine
1022 2819 1179 2911 Caesar,

214 2924 443 3031 Imperium
464 2926 641 3022 Oceano,
661 2925 811 3009 famam
831 2931 904 3036 qui
924 2931 1114 3009 terminet
1133 2931 1256 3022 astris,

214 3036 359 3132 Iulius,
380 3066 402 3116 a
422 3065 570 3145 magno
590 3040 807 3120 demissum
825 3068 974 3121 nomen
995 3040 1097 3121 Iulo.

215 3149 345 3227 Hunc
367 3169 411 3228 tu
431 3151 530 3229 olim
549 3151 671 3246 caelo,
692 3154 828 3260 spoliis
848 3152 1028 3234 Orientis
1048 3172 1250 3248 onustum,

216 3262 411 3368 Accipies
431 3289 566 3341 secura
585 3295 596 3357 ;
626 3264 837 3343 vocabitur
855 3265 925 3344 hic
945 3292 1107 3373 quoque
1126 3267 1243 3343 votis.

215 3373 372 3479 Aspera
392 3392 480 3452 tum
500 3376 639 3482 positis
657 3377 870 3455 mitescent
888 3378 1042 3456 saecula
1061 3376 1201 3471 bellis;

217 3483 330 3561 Cana
351 3484 482 3580 Fides,
503 3505 542 3565 et
563 3487 698 3582 Vesta,
718 3488 849 3567 Remo
869 3515 965 3568 cum
983 3487 1102 3567 fratre
1122 3487 1316 3574 Quirinus

214 3594 311 3672 lura
332 3595 484 3674 dabunt
502 3630 512 3691 ;
543 3597 650 3677 dirae
669 3598 774 3679 ferro
793 3621 835 3678 et
854 3601 1100 3709 conpagibus
1119 3602 1212 3678 artis
1290 3697 1318 3711 ·

217 3706 466 3785 Claudentur
487 3710 586 3788 Belli
606 3731 744 3818 portae
760 3744 771 3807 3
803 3711 934 3791 Furor
953 3714 1101 3820 impius
1120 3713 1228 3790 intus

216 3818 340 3896 Saeva
359 3819 495 3898 sedens
515 3848 630 3928 super
649 3851 758 3901 arma
777 3844 817 3903 et
837 3844 1001 3904 centum
1021 3825 1178 3902 vinctus
1198 3823 1305 3900 aenis

218 3930 312 4009 Post
334 3950 493 4036 tergum
514 3934 626 4012 nodis
645 3933 789 4013 fremet
808 3934 993 4015 horridus
1013 3962 1081 4012 ore
1102 3952 1333 4051 cruento>

274 4154 391 4232 Haec
412 4155 482 4247 ait,
503 4174 543 4231 et
563 4154 679 4233 Maia
699 4158 884 4263 genitum
903 4158 1084 4236 demittit
1103 4157 1153 4236 ab
1172 4158 1265 4251 alto,

219 4266 279 4345 Ut
300 4286 438 4359 terrae,
461 4283 584 4372 utque
604 4295 729 4346 novae
749 4286 912 4377 pateant
932 4270 1191 4377 Karthaginis
1212 4296 1318 4348 arces

894 4406 908 4414 .
919 4381 940 4414 0
