3584 4522
278 339 491 420 Oceanum
511 342 661 419 interea
680 365 844 446 surgens
863 339 1022 418 Aurora
1041 338 1214 446 reliquit.

222 451 262 530 It
283 455 411 560 portis
430 454 568 533 iubare
589 471 728 531 exorto
749 452 901 540 delecta
922 452 1139 548 iuventus,
1128 484 1138 502 ·

222 564 344 643 Retia
364 593 463 660 rara,
484 567 636 673 plagae,
656 566 736 642 lato
756 562 950 643 venabula
968 561 1085 657 ferro,

221 675 473 788 Massylique
493 694 616 754 ruunt
635 676 788 784 equites
808 693 848 753 et
867 673 988 754 odora
1006 701 1149 754 canum
1167 675 1240 754 vis.

222 788 426 897 Reginam
448 788 623 867 thalamo
643 806 898 866 cunctantem
919 787 967 865 ad
985 788 1124 865 limina
1143 787 1286 894 primi

223 901 455 979 Poenorum
475 918 718 1007 exspectant,
741 918 927 1006 ostroque
947 899 1112 1027 insignis
1132 917 1172 976 et
1191 925 1285 977 auro

222 1012 308 1090 Stat
328 1013 485 1119 sonipes
507 1038 551 1089 ac
571 1008 680 1089 frena
701 1008 812 1089 ferox
833 1012 1058 1117 spumantia
1076 1010 1242 1090 mandit.

219 1123 406 1203 Tandem
426 1120 682 1252 progreditur
701 1148 844 1229 magna
864 1124 1036 1229 stipante
1056 1142 1221 1216 caterva,

221 1235 429 1314 Sidoniam
449 1237 560 1342 picto
581 1234 836 1344 chlamydem
857 1233 1099 1312 circumdata
1117 1234 1255 1313 limbo.

191 1326 302 1465 seui
325 1348 512 1455 pharetra
532 1375 583 1428 ex
603 1375 712 1444 aur0,
734 1348 860 1443 crines
881 1345 1110 1425 nodantur
1098 1374 1140 1425 111
1161 1374 1315 1442 aurum,

219 1460 357 1539 Aurea
377 1488 620 1568 purpuream
639 1460 837 1539 subnectit
857 1456 981 1538 fibula
998 1477 1161 1538 vestem.

222 1572 314 1651 Nec
334 1601 416 1651 non
438 1594 478 1651 et
500 1572 668 1680 Phrygii
690 1572 855 1650 comites
876 1591 914 1650 et
934 1572 1058 1649 laetus
1078 1569 1187 1649 Iulus

221 1683 436 1762 Incedunt.
497 1682 588 1791 Ipse
609 1702 698 1762 ante
720 1684 816 1761 alios
837 1682 1128 1789 pulcherrimus
1148 1709 1283 1761 omnes

221 1793 351 1893 Infert
371 1823 411 1875 se
431 1798 587 1875 socium
606 1796 761 1893 Aeneas
782 1812 900 1901 atque
921 1795 1081 1900 agmina
1100 1795 1245 1900 iungit.

221 1906 364 1993 Qualis
385 1908 689 1988 ubi.hibernam
710 1907 878 2014 Lyciam
898 1906 1132 2013 Xanthique
1153 1903 1299 1985 fluenta

221 2018 384 2098 Deserit
403 2048 449 2098 ac
470 2020 621 2098 Delum
642 2039 863 2098 maternam
883 2018 1019 2097 invisit
1029 2018 1187 2126 ·llpollo

221 2130 504 2238 Instauratquc
525 2131 679 2225 choros,
701 2132 903 2265 mixtique
923 2131 1111 2209 altaria
1077 2157 1228 2209 crrcum

221 2244 442 2351 Cretesque
463 2243 728 2351 Dryopesque
748 2239 927 2323 fremunt
948 2244 1127 2351 pictique
1145 2241 1395 2365 Agathyrsis

220 2354 344 2463 Ipse
333 2355 439 2460 rugis
461 2354 615 2463 Cynthi
637 2353 828 2460 graditur,
849 2356 1041 2461 mollique
1060 2351 1282 2432 fluentem

220 2465 381 2545 Fronde
400 2467 550 2574 premit
570 2468 721 2544 crinem
741 2461 895 2571 fingens
915 2483 1033 2572 atque
1053 2466 1217 2572 inplicat
1235 2492 1343 2560 auro,

218 2578 321 2657 Tela
340 2595 482 2656 sonant
503 2579 678 2657 umeris:
710 2577 816 2656 haud
837 2578 906 2655 illo
927 2578 1084 2682 segnior
1103 2576 1186 2655 ibat

219 2691 377 2769 Aeneas
398 2724 408 2786 ;
441 2708 599 2768 tantum
619 2690 781 2796 egregio
802 2687 920 2768 decus
940 2690 1063 2767 enitet
1083 2704 1183 2810 oressy

278 2912 499 3019 Postquam
520 2914 618 2990 altos
636 2930 804 2990 ventum
824 2912 866 2990 in
887 2929 1042 2991 montes
1063 2929 1181 3019 atque
1201 2911 1308 2990 invia
1326 2912 1458 3006 lustra,

219 3023 328 3104 Ecce
349 3020 466 3119 ferae,
488 3051 570 3103 saxr
560 3022 767 3102 deiectae
786 3025 948 3118 vertice,
969 3050 1107 3131 caprae

220 3136 478 3216 Decurrere
467 3137 601 3242 rugis3
633 3136 708 3214 3113
727 3124 777 3214 de
795 3153 907 3243 parte
926 3154 1104 3243 patentes

218 3249 521 3326 Transmittunt
542 3275 658 3326 cursu
679 3260 840 3355 campos
860 3265 981 3354 atque
1001 3248 1161 3354 agmina
1181 3246 1287 3324 cervi

219 3359 504 3438 Pulverulenta
523 3356 619 3465 fuga
638 3360 860 3465 glomerant
880 3378 1113 3466 montesque
1133 3358 1373 3465 relinquunt
1545 3384 1558 3437 1
1569 3383 1590 3465 5
1597 3383 1619 3465 5

150 3528 165 3547 .
218 3471 279 3549 At
298 3499 398 3578 puer
418 3473 614 3550 Ascanius
634 3472 837 3550 mediisin
857 3472 1024 3550 vallibus
1043 3471 1123 3549 acri

220 3582 384 3661 Gaudet
404 3610 524 3690 equo,
545 3584 706 3690 iamque
727 3582 801 3662 hos
821 3609 949 3679 cursu,
971 3584 1053 3661 iam
1074 3582 1260 3711 praeterit
1280 3581 1382 3675 illos,
1419 3584 1426 3595 '

220 3694 567 3802 Spumantemque
583 3695 667 3773 dari
688 3722 830 3803 pecora
850 3696 954 3773 inter
969 3696 1111 3774 inertia
1124 3694 1228 3772 votis

219 3804 350 3912 Optat
370 3833 526 3914 aprum,
548 3827 616 3884 aut
635 3803 793 3885 fulvum
814 3805 1047 3885 descendere
1066 3824 1203 3884 monte
1223 3807 1390 3884 leonem.

180 3999 247 4268 y-
277 4027 436 4106 Interea
457 4055 605 4138 magno
626 4029 783 4107 misceri
804 4054 1010 4105 murmure
1031 4029 1184 4105 caelum

220 4140 398 4249 Incipit;
431 4142 654 4247 insequitur
674 4141 895 4218 commixta
915 4137 1105 4245 grandine
1127 4140 1311 4219 nimbus·
1299 4154 1483 4307 Δ
