3584 4522
191 442 359 522 Nesciat
381 462 420 522 et
442 462 570 522 tantos
591 442 726 550 rumpi
747 468 827 521 non
848 461 977 550 speret
997 469 1161 539 amores,

189 555 507 682 Temptaturum
527 554 669 649 aditus,
689 573 728 633 et
748 580 849 661 quae
869 556 1100 633 mollissima
1118 553 1304 634 fandi

188 667 409 775 Tempora,
429 667 519 772 quis
540 666 654 745 rebus
673 666 810 744 dexter
829 664 982 745 modus.
1044 657 1167 747 Ocius
1187 693 1324 746 omnes

190 778 371 887 Imperio
391 780 486 857 laeti
507 798 701 886 parentet
722 779 822 857 iussa
841 774 1047 858 facessunt.

245 1005 303 1081 At
323 1003 461 1109 regina
481 1001 737 1110 dolos-quis
755 999 886 1080 fallere
906 1003 1028 1109 possit
1047 1022 1245 1082 amantem
1261 1005 1334 1083 l-

190 1115 425 1209 Praesensit,
446 1135 659 1222 motusque
680 1116 837 1223 excepit
857 1117 987 1223 prima
1007 1111 1174 1210 futuros,

188 1224 341 1305 Omnia
362 1246 447 1305 tuta
467 1229 624 1308 timens.
683 1226 834 1305 Eadem
855 1229 980 1335 impia
1001 1226 1123 1306 Fama
1143 1225 1288 1306 furenti

188 1338 349 1418 Detulit
370 1342 514 1418 armari
535 1342 696 1418 classem
715 1365 954 1445 cursumque
974 1341 1131 1447 parari4.¹

188 1449 321 1529 Saevit
342 1452 458 1559 inops
479 1453 618 1546 animi,
639 1468 844 1557 totamque
864 1453 1022 1530 incensa
1040 1478 1111 1558 per
1131 1452 1271 1531 urbem

187 1563 423 1660 Bacchatur,
445 1565 570 1671 qualis
591 1564 803 1641 commotis
825 1564 954 1641 excita
974 1566 1089 1660 sacris

104 1699 108 1707 ·
185 1676 354 1784 Thyias,
376 1677 447 1755 ubi
466 1675 605 1785 audito
626 1676 831 1770 stimulant
852 1677 1050 1753 trieterica
1070 1675 1228 1755 Baccho

187 1787 314 1894 Orgia
333 1807 632 1894 nocturnusque
652 1806 768 1866 vocat
788 1791 959 1866 clamore
980 1787 1210 1867 Cithaeron.

183 1899 369 1978 Tandem
389 1900 452 1978 his
472 1900 635 1979 Aenean
657 1901 868 2007 compellat
887 1900 1053 1979 vocibus
1073 1902 1177 1979 ultro
1199 1929 1207 1978 :

241 2124 508 2202 Dissimulare
529 2125 650 2202 etiam
669 2125 842 2231 sperasti,
859 2120 1021 2231 perfide,
1043 2142 1201 2203 tantum

185 2234 302 2313 Posse
323 2233 444 2330 nefas,
468 2237 690 2342 tacitusque
710 2262 798 2313 mea
818 2235 1008 2314 decedere
1030 2255 1130 2314 terra
1147 2239 1161 2315 l

185 2346 276 2424 Nec
296 2365 336 2424 te
357 2366 492 2425 noster
511 2375 635 2443 amor,
656 2374 728 2425 nec
748 2364 786 2425 te
806 2346 896 2424 data
916 2347 1075 2426 dextera
1096 2348 1311 2454 quondam,

184 2458 275 2536 Nec
295 2461 494 2537 moritura
515 2479 622 2537 tenet
643 2459 793 2537 crudeli
814 2456 952 2567 funere
972 2458 1113 2538 Dido?

183 2569 296 2654 Quin
318 2573 441 2648 etiam
462 2569 630 2676 hiberno
650 2572 800 2649 moliris
820 2570 944 2649 sidere
964 2572 1135 2666 classem,

183 2681 238 2759 Et
259 2681 403 2761 mediis
423 2711 609 2791 properas
629 2683 910 2789 aquilonibus
899 2711 956 2760 rre
976 2710 1047 2790 per
1060 2685 1199 2778 altum,

185 2792 409 2902 Crudelis!
459 2795 600 2889 Quid?
632 2797 663 2873 si
684 2822 764 2873 non
785 2822 875 2873 arva
894 2796 1019 2873 aliena
1039 2794 1255 2901 domosque

183 2860 409 3010 Ignotas
367 2925 533 3013 peteres,
555 2926 594 2984 et
613 2908 737 2985 Troia
728 2900 918 3019 antiqua
937 2925 1125 3001 maneret,

183 3017 310 3094 Troia
331 3045 403 3124 per
424 3008 623 3096 undosum
643 3037 843 3127 peteretur
863 3017 1044 3097 classibus
1064 3022 1240 3136 aequor?

184 3110 314 3207 Mene
331 3127 443 3237 fugis
464 3133 477 3208 l
511 3131 587 3208 Per
607 3158 681 3237 ego
703 3128 770 3211 has
790 3132 969 3217 lacrimas
981 3120 1249 3239 dextramque
1270 3150 1382 3210 tuam
1402 3150 1543 3211 te-
1580 3152 1584 3159 '

163 3240 358 3325 Quando
378 3242 488 3345 aliud
509 3240 643 3320 mihi
632 3270 712 3321 ram
732 3244 894 3322 miserae
915 3241 1046 3321 nihil
1036 3269 1119 3352 ipsa
1138 3243 1341 3351 reliqui—
1501 3271 1547 3353 31
1557 3270 1579 3352 5

181 3352 258 3429 Per
277 3354 451 3446 conubia
470 3372 602 3447 nostra
604 3382 701 3470 ,per
715 3356 897 3463 inceptos
916 3354 1167 3484 hymenaeos,

182 3463 222 3540 Si
244 3463 346 3541 bene
367 3466 467 3571 quid
489 3467 541 3544 de
558 3485 596 3544 te
616 3468 757 3561 merui,
777 3464 855 3544 fuit
875 3486 942 3544 aut
963 3467 1037 3546 tibi
1059 3467 1274 3574 quicquam

181 3574 313 3653 Dulce
333 3603 486 3672 meum,
507 3580 690 3656 miserere
711 3579 851 3658 domus
870 3568 1035 3657 labentis
1055 3597 1094 3656 et
1114 3580 1242 3679 istam,

182 3685 282 3781 Or0,
304 3689 336 3765 si
358 3690 447 3794 quis
468 3689 597 3767 adhuc
617 3690 798 3797 precibus
818 3684 943 3786 locus,
963 3718 1062 3769 exue
1082 3709 1285 3769 mentem:¹

179 3799 240 3876 Te
261 3819 426 3907 propter
447 3800 621 3908 Libycae
641 3821 776 3908 gentes
796 3802 1109 3909 Nomadumque
1130 3803 1285 3910 tyranni
1500 3830 1581 3912 320

181 3909 329 4005 Odere,
351 3908 493 3989 infensi
514 3914 660 4019 Tyrii;
692 3932 730 3990 te
745 3933 909 4021 propter
929 3914 1098 3991 eundem

154 4123 159 4132 ¹
179 4023 414 4101 Exstinctus
434 4023 564 4129 pudor
584 4044 636 4118 et,
658 4052 735 4131 qua
755 4026 834 4102 sola
854 4025 978 4103 sidera
995 4024 1166 4119 adibam,

180 4134 304 4213 Fama
325 4136 445 4241 prior.
508 4136 585 4213 Cui
607 4164 671 4214 me
692 4136 971 4215 moribundam
992 4136 1145 4231 deseris,
1167 4136 1338 4246 hospes?

179 4246 277 4325 Hoc
297 4248 427 4325 solum
446 4274 594 4325 nomen
615 4250 804 4354 quoniam
824 4248 872 4327 de
892 4249 1062 4354 coniuge
1082 4269 1234 4375 resta—td
