3584 4522
186 442 263 521 Sed
283 445 461 551 graviter
480 448 653 554 gemitus
673 449 757 526 imo
778 446 827 526 de
846 466 1009 556 pectore
1028 444 1187 538 ducens,

185 554 284 634 Heu
305 555 414 666 fuge,
435 581 526 638 nate
546 560 630 654 dea,
651 580 769 668 teque
788 560 863 654 his,
886 559 955 653 ait,
977 558 1086 665 eripe
1104 555 1287 636 flammis.

184 666 328 749 Hostis
349 672 472 750 habet
492 698 627 751 muros
645 702 656 767 ;
687 675 768 751 ruit
788 674 868 750 alto
889 698 911 748 a
931 671 1111 748 culmine
1129 669 1266 747 Troia.

184 780 252 857 Sat
273 784 427 888 patriae
450 783 692 891 Priamoque
713 785 878 863 datum:
911 783 942 860 si
966 782 1159 887 Pergama
1179 780 1318 859 dextra

183 890 361 973 Defendi
388 916 560 1002 possent,
583 894 797 982 etiamhac
819 892 974 972 defensa
993 889 1185 970 fuissent:

184 1003 303 1083 Sacra
323 1033 494 1111 suosque
515 1007 589 1088 tibi
610 1008 868 1088 commendat
886 1005 1012 1085 Troia
1035 1004 1199 1082 Penates
1220 1031 1229 1081 :

184 1114 275 1195 Hos
298 1144 395 1224 cape
414 1116 591 1199 fatorum
610 1123 789 1215 comites,
810 1119 872 1197 his
892 1117 1051 1195 moenia
1071 1141 1215 1223 quaere

185 1227 358 1335 Magna,
379 1254 581 1336 pererrato
600 1252 744 1312 statues
766 1258 866 1338 quae
888 1229 1060 1333 denique
1080 1246 1216 1334 ponto.

185 1341 251 1419 Sic
273 1343 343 1435 ait,
366 1361 404 1419 et
426 1345 609 1423 manibus
628 1347 745 1424 vittas
767 1344 1009 1449 Vestamque
1030 1356 1237 1446 potentem

186 1454 497 1561 Aeternumque
517 1458 644 1563 adytis
666 1457 778 1536 effert
798 1453 1066 1564 penetralibus
1087 1454 1237 1558 ignem.
1358 1503 1363 1515 -

244 1733 417 1812 Diverso
440 1736 588 1813 interea
608 1737 823 1814 miscentur
843 1735 999 1811 moenia
1019 1733 1145 1827 luctu,

186 1845 242 1922 Et
263 1847 391 1952 magis
412 1866 535 1954 atque
555 1849 696 1954 magis,
718 1872 962 1954 quamquam
983 1862 1130 1923 secreta
1151 1844 1326 1951 parentis

187 1957 390 2036 Anchisae
412 1958 554 2038 domus
575 1959 859 2066 arboribusque
881 1958 1039 2037 obtecta
1060 1957 1231 2051 recessit,

189 2069 427 2148 Clarescunt
448 2073 609 2169 sonitus,
632 2097 913 2177 armorumque
937 2069 1087 2175 ingruit
1107 2069 1260 2147 horror.

189 2181 388 2258 Excutior
409 2209 562 2278 somno,
584 2205 624 2263 et
644 2185 791 2263 summi
811 2181 969 2289 fastigia
990 2183 1086 2259 tecti

188 2293 371 2371 Ascensu
392 2322 549 2401 supero,
570 2317 692 2403 atque
712 2297 872 2374 arrectis
893 2294 1052 2372 auribus
1073 2293 1182 2370 adsto
1204 2319 1213 2370 :

188 2401 237 2481 In
260 2423 439 2509 segetem
460 2408 584 2485 veluti
610 2434 705 2486 cum
724 2405 884 2485 flamma
903 2404 1126 2483 furentibus
1148 2404 1287 2483 austris

190 2513 357 2612 Incidit,
379 2537 448 2595 aut
470 2519 631 2625 rapidus
651 2537 841 2598 montano
862 2516 1026 2595 flumine
1046 2534 1196 2594 torrens

190 2626 342 2706 Sternit
363 2656 491 2735 agros,
513 2633 652 2709 sternit
673 2650 753 2711 sata
772 2630 873 2707 laeta
894 2628 1099 2735 boumque
1118 2626 1284 2721 labores,

192 2738 521 2848 Praecipitesque
542 2743 667 2821 trahit
688 2743 815 2835 silvas,
837 2759 970 2847 stupet
990 2740 1136 2819 inscius
1156 2741 1236 2816 alto

188 2851 412 2957 Accipiens
432 2856 609 2933 sonitum
628 2857 711 2933 saxi
732 2855 781 2933 de
804 2854 952 2931 vertice
973 2871 1116 2959 pastor.

188 2962 301 3039 Tum
322 2990 417 3043 vero
433 2965 641 3046 manifesta
660 2963 768 3060 fides,
791 2966 1057 3071 Danaumque
1077 2981 1285 3070 patescunt

191 3070 379 3156 Insidiae.
441 3077 529 3157 Iam
550 3079 758 3185 Deiphobi
779 3077 889 3155 dedit
909 3078 1040 3183 ampla
1060 3076 1216 3153 ruinam

190 3184 378 3267 Volcano
399 3211 609 3297 superante
630 3191 785 3285 domus,
805 3190 887 3268 iam
907 3214 1126 3297 proxumus
1146 3186 1255 3264 ardet

192 3296 403 3407 Ucalegon
423 3330 432 3379 :
467 3304 582 3409 Sigea
602 3303 688 3408 igni
708 3299 807 3380 freta
825 3300 904 3378 lata
920 3301 1109 3377 relucent.

191 3408 388 3493 Exoritur
409 3415 641 3522 clamorque
660 3416 793 3493 virum
813 3413 1055 3518 clangorque
1076 3409 1277 3488 tubarum.

190 3521 321 3601 Arma
342 3553 477 3604 amens
499 3529 615 3632 capio
635 3559 646 3622 ;
676 3552 747 3605 nec
768 3544 825 3603 sat
846 3525 1010 3601 rationis
1029 3525 1071 3601 in
1092 3521 1210 3599 armis
1230 3549 1241 3613 3
1361 3626 1364 3631 ¹

192 3632 269 3713 Sed
290 3639 512 3743 glomerare
532 3665 696 3717 manum
717 3637 820 3715 bello
841 3655 880 3714 et
900 3659 1135 3714 concurrere
1154 3633 1196 3710 in
1217 3656 1350 3708 arcem

192 3745 302 3826 Cum
323 3750 441 3828 sociis
462 3750 600 3828 ardent
620 3750 745 3828 animi
763 3782 773 3844 ;
803 3746 913 3826 furor
932 3749 1071 3852 iraque
1091 3761 1269 3822 mentem

192 3860 480 3968 Praecipitant,
501 3863 796 3967 pulchrumque
816 3861 920 3937 mori
940 3857 1134 3936 succurrit
1153 3857 1196 3933 in
1218 3853 1350 3932 armis.

250 4141 358 4220 Ecce
380 4162 516 4221 autem
539 4141 626 4220 telis
647 4138 822 4217 Panthus
843 4137 994 4243 elapsus
1014 4135 1234 4229 Achivom,

195 4254 374 4333 Panthus
396 4253 642 4361 Othryades,
659 4252 756 4329 arcis
778 4248 1014 4354 Phoebique
1035 4248 1225 4341 sacerdos,
