3584 4522
183 436 295 515 Tum
315 435 373 517 sic
394 437 577 545 reginam
597 435 839 544 adloquitur,
860 435 1093 544 cunctisque
1112 452 1274 544 repente

186 547 420 655 Inprovisus
441 551 523 629 ait:
556 549 719 644 Coram,
741 575 863 656 quem
884 550 1083 655 quaeritis,
1104 548 1255 644 adsum,

184 661 335 741 Troius
355 664 523 756 Aeneas,
545 660 711 770 Libycis
731 679 888 767 ereptus
907 660 956 740 ab
976 661 1103 740 undis.

188 773 227 852 O
249 774 333 853 sola
352 771 538 852 infandos
557 774 706 851 Troiae
724 774 909 851 miserata
927 772 1090 868 labores,

187 885 304 970 Quae
324 913 410 981 nos,
430 886 617 992 reliquias
637 885 838 979 Danaum,
860 904 1063 993 terraeque
1083 885 1280 992 marisque

188 995 393 1076 Omnibus
413 997 627 1076 exhaustos
647 998 729 1076 iam
748 997 912 1092 casibus,
933 997 1117 1075 omnium
1137 1023 1294 1104 egenos,
1358 1092 1360 1099 Ι

188 1108 319 1203 Urbe,
341 1109 478 1205 domo,
498 1109 636 1206 socias,
658 1127 786 1216 grates
806 1110 1026 1215 persolvere
1046 1108 1183 1217 dignas
1379 1113 1385 1127 '

188 1220 288 1298 Non
310 1222 398 1328 opis
418 1242 477 1301 est
496 1238 668 1316 nostrae,
689 1219 813 1315 Dido,
834 1248 908 1300 nec
929 1220 1126 1328 quidquid
1146 1221 1296 1330 ubique
1316 1238 1374 1300 est

189 1331 337 1411 Gentis
359 1334 598 1429 Dardaniae,
619 1360 813 1441 magnum
834 1359 934 1440 quae
954 1360 1083 1441 sparsa
1101 1359 1173 1440 per
1192 1336 1343 1413 orbem.

189 1443 247 1523 Di
271 1446 362 1541 tibi,
383 1448 414 1525 si
437 1475 515 1556 qua
535 1447 623 1553 pios
644 1464 866 1553 respectant
886 1448 1062 1541 numina,
1083 1447 1115 1525 si
1136 1447 1234 1553 quid

190 1556 376 1664 Usquam
396 1560 550 1639 iustitia
569 1576 626 1636 est
647 1577 686 1637 et
706 1584 817 1637 mens
837 1559 913 1638 sibi
934 1560 1089 1639 conscia
1109 1558 1220 1654 recti,

191 1669 375 1749 Praemia
396 1671 517 1779 digna
537 1668 678 1748 ferant.
738 1669 852 1755 Quae
873 1690 912 1749 te
931 1690 1015 1750 tam
1033 1673 1132 1750 laeta
1151 1673 1329 1749 tulerunt

192 1780 387 1863 Saecula?
420 1785 492 1892 qui
514 1784 615 1861 tanti
637 1782 759 1860 talem
780 1807 953 1888 genuere
973 1785 1179 1889 parentes?

190 1891 239 1969 In
261 1890 362 1972 freta
382 1895 480 1974 dum
500 1892 614 1973 fluvii
634 1912 806 1988 current,
828 1894 926 1973 dum
946 1895 1148 1975 montibus
1168 1894 1332 1973 umbrae

190 2003 438 2086 Lustrabunt
459 2032 650 2100 convexa,
670 2006 784 2112 polus
805 2005 903 2084 dum
921 2005 1045 2086 sidera
1064 2024 1208 2114 pascet,

189 2116 357 2223 Semper
377 2118 504 2198 honos
525 2143 752 2224 nomenque
772 2139 890 2197 tuum
909 2119 1121 2226 laudesque
1140 2118 1372 2213 manebunt,

191 2227 307 2312 Quae
327 2257 393 2309 me
414 2256 589 2337 cumque
609 2249 755 2309 vocant
775 2250 913 2310 terrae.
973 2231 1038 2310 Sic
1056 2228 1172 2329 fatus,
1193 2231 1371 2310 amicum

192 2338 348 2420 Ilionea
367 2344 472 2449 petit
491 2341 644 2438 dextra,
663 2344 853 2449 laevaque
873 2343 1085 2436 Serestum,

193 2451 288 2531 Post
308 2454 417 2551 alios,
439 2452 668 2561 fortemque
690 2454 822 2563 Gyan,
842 2452 1068 2563 fortemque
1088 2453 1348 2533 Cloanthum.

250 2898 471 3008 Qlffljl.
484 2902 618 3010 primo
638 2919 798 3010 aspectu
819 2900 982 2980 Sidonia
1001 2900 1125 2995 Dido,

823 2991 1093 3014 ναι-ι·-

195 3013 301 3091 Casu
322 3012 467 3092 deinde
487 3015 565 3093 viri
586 3031 713 3110 tanto,
733 3014 847 3092 etsie
868 3038 935 3091 ore
956 3014 1090 3092 locuta
1109 3032 1194 3092 est:

251 3236 354 3321 Quis
374 3255 429 3334 te,
449 3255 540 3317 nate
561 3237 646 3345 dea,
667 3263 738 3345 per
755 3252 866 3315 tanta
885 3236 1062 3344 pericula
1081 3262 1188 3316 casus
1313 3253 1320 3264 ’

196 3346 430 3455 insequitur
445 3338 592 3457 ἰῙιιῖο
612 3349 673 3428 vis
692 3346 920 3427 inmanibus
940 3348 1111 3456 adplicat
1131 3349 1239 3428 oris?

193 3460 314 3537 Tune
334 3461 401 3540 ille
422 3464 591 3557 Aeneas,
613 3487 736 3570 quem
756 3460 960 3540 Dardanio
979 3460 1180 3540 Anchisae

194 3571 319 3650 Alma
339 3574 479 3652 Venus
500 3572 669 3683 Phrygii
691 3572 831 3680 genuit
852 3573 1065 3652 Simoentis
1084 3572 1135 3651 ad
1154 3571 1333 3651 undam?

195 3683 337 3789 Atque
358 3685 547 3792 equidem
567 3689 774 3764 Teucrum
794 3684 963 3763 memini
985 3684 1131 3763 Sidona
1147 3684 1283 3762 venire

196 3793 365 3874 Finibus
386 3798 597 3903 expulsum
616 3797 767 3904 patriis,
788 3824 892 3875 nova
910 3822 1031 3902 regna
1050 3813 1256 3902 petentem

195 3907 365 3985 Auxilio
388 3908 504 4003 Beli;
537 3911 697 4016 genitor
717 3927 805 3986 tum
828 3908 945 3987 Belus
965 3908 1146 4014 opimam

196 4016 389 4098 Vastabat
410 4020 595 4127 Cyprum
616 4039 656 4098 et
674 4020 804 4098 victor
825 4019 983 4097 dicione
1003 4017 1173 4097 tenebat.

195 4128 401 4238 Tempore
421 4133 503 4210 iam
523 4158 573 4209 ex
592 4132 662 4209 illo
683 4157 791 4209 casus
810 4129 914 4208 mihi
936 4130 1121 4235 cognitus
1140 4129 1248 4209 urbis

195 4242 396 4321 Troianae
417 4269 645 4350 nomenque
666 4260 782 4321 tuum
803 4268 992 4349 regesque
1015 4242 1181 4349 Pelasgi.

889 4352 934 4392 ,0
