3584 4522
181 486 375 566 Alterum
394 486 437 566 in
458 486 620 564 alterius
640 502 835 565 mactatos
854 485 1043 589 sanguine
1064 486 1254 565 cernam?

182 599 325 695 Arma,
346 600 438 694 viri,
458 595 560 676 ferte
580 623 691 676 arma
710 630 721 694 ;
750 614 869 676 vocat
888 597 960 675 lux
979 598 1123 677 ultima
1141 598 1281 676 victos.

184 710 361 791 Reddite
382 738 448 788 me
469 710 619 789 Danais
640 740 651 805 ;
682 711 802 789 sinite
822 710 1039 789 instaurata
1057 711 1226 788 revisam

185 821 355 902 Proelia.
416 822 660 930 Numquam
678 848 817 901 omnes
836 820 957 900 hodie
976 823 1195 900 moriemur
1209 820 1344 900 inulti.

242 1111 358 1189 Hinc
378 1107 483 1189 ferro
504 1113 694 1219 accingor
714 1137 846 1190 rursus
866 1112 1074 1219 clipeoque
1095 1111 1294 1190 sinistram

184 1222 434 1303 Insertabam
454 1244 593 1332 aptans
614 1250 760 1331 meque
781 1243 894 1302 extra
914 1242 1019 1302 tecta
1039 1221 1227 1302 ferebam.

184 1337 294 1414 Ecce
315 1356 452 1414 autern
473 1337 672 1445 conplexa
686 1335 807 1444 pedes
827 1337 869 1414 in
893 1337 1032 1414 limine
1052 1337 1229 1414 coniunx

184 1448 405 1542 Haerebat,
427 1475 679 1557 parvumque
700 1450 804 1555 patri
826 1446 1014 1527 tendebat
1035 1445 1197 1525 Iulum:

185 1560 226 1637 Si
248 1562 449 1667 periturus
470 1560 567 1654 abis,
585 1579 625 1638 et
646 1587 717 1639 nos
738 1588 831 1667 rape
852 1561 894 1637 in
916 1561 1049 1639 omnia
1069 1578 1203 1638 tecum
1225 1589 1235 1653 ;

185 1672 255 1749 Sin
277 1673 454 1779 aliquam
474 1690 661 1779 expertus
682 1674 851 1781 sumptis
872 1698 982 1780 spem
1001 1673 1116 1781 ponis
1135 1674 1176 1750 in
1197 1670 1329 1765 armis,

185 1784 309 1862 Hanc
331 1787 513 1893 primurn
534 1803 663 1862 tutare
684 1783 866 1863 domum.
927 1785 1005 1863 Cui
1024 1810 1167 1892 parvus
1188 1783 1314 1877 Iulus,

186 1897 266 1973 Cui
286 1916 399 2004 pater
419 1915 459 1974 et
479 1897 659 1975 coniunx
679 1896 884 2003 quondam
905 1914 973 1975 tua
992 1896 1098 1975 dicta
1118 1896 1353 2002 relinquor?

239 2188 355 2266 Talia
374 2184 597 2266 vociferans
618 2189 775 2294 gemitu
797 2208 950 2267 tectum
971 2214 1090 2267 omne
1111 2185 1299 2293 replebat,

185 2298 295 2377 Cum
314 2301 496 2377 subitum
518 2300 713 2406 dictuque
736 2302 864 2379 oritur
884 2299 1067 2378 mirabile
1086 2317 1326 2378 monstrum.

184 2411 378 2517 Namque
399 2438 540 2490 manus
560 2413 666 2491 inter
685 2431 1010 2519 maestorumque
1032 2438 1099 2489 ora
1118 2430 1329 2519 parentum

183 2524 291 2601 Ecce
311 2524 410 2601 levis
430 2549 590 2602 summo
612 2523 661 2602 de
681 2526 832 2602 vertice
852 2525 958 2603 visus
980 2523 1059 2601 Iuli

184 2633 371 2712 Fundere
391 2637 531 2713 lumen
554 2662 668 2744 apex,
690 2653 883 2745 tactuque
904 2637 1068 2715 innoxia
1087 2633 1228 2713 molles

186 2746 385 2825 Lambere
405 2744 567 2825 flamma
588 2774 723 2826 comas
744 2766 783 2825 et
804 2750 960 2827 circum
979 2764 1160 2855 tempora
1178 2746 1300 2853 pasci.

184 2858 275 2935 Nos
295 2859 433 2966 pavidi
455 2859 655 2966 trepidare
676 2879 802 2955 metu,
825 2861 1058 2966 crinemque
1078 2855 1316 2964 flagrantem

183 2970 387 3049 Excutere
408 2988 449 3049 et
469 2991 623 3050 sanctos
644 2972 888 3078 restinguere
909 2969 1083 3050 fontibus
1104 2970 1230 3077 ignes.

185 3082 246 3161 At
266 3101 381 3189 pater
400 3083 599 3162 Anchises
621 3084 756 3162 oculos
777 3083 826 3160 ad
847 3082 973 3162 sidera
991 3083 1115 3187 laetus

184 3193 361 3289 Extulit,
383 3213 424 3273 et
444 3195 552 3273 caelo
573 3195 724 3302 palmas
744 3222 840 3273 cum
858 3221 958 3273 voce
978 3193 1173 3273 tetendit:

183 3303 373 3413 Iuppiter
393 3308 664 3414 omnipotens,
685 3305 871 3414 precibus
890 3307 923 3385 si
942 3304 1108 3385 flecteris
1127 3303 1231 3398 ullis,

182 3417 335 3524 Aspice
355 3445 427 3497 nos
448 3450 458 3513 ;
489 3417 568 3497 hoc
590 3436 750 3497 tantum
771 3449 781 3513 ;
813 3436 866 3513 et,
887 3419 920 3497 si
939 3419 1086 3526 pietate
1104 3440 1320 3508 meremur,

185 3527 252 3607 Da
272 3528 416 3608 deinde
437 3530 649 3625 auxilium,
673 3551 797 3638 pater,
818 3548 939 3643 atquc
959 3529 1057 3608 haec
1077 3530 1212 3607 omina
1232 3521 1360 3606 firma.

240 3813 326 3890 Vix
347 3839 391 3891 ea
411 3810 515 3893 fatus
537 3835 622 3893 erat
642 3817 786 3911 senior,
807 3816 1020 3923 subitoque
1040 3813 1193 3921 fragore

185 3923 372 4003 Intonuit
393 3926 571 4021 laevum,
592 3945 632 4004 et
653 3927 702 4005 de
723 3929 831 4006 caelo
851 3929 958 4033 lapsa
979 3954 1052 4035 per
1070 3925 1230 4005 umbras

183 4037 304 4115 Stella
324 4034 455 4115 facem
475 4037 627 4117 ducens
647 4041 774 4117 multa
795 4065 890 4117 cum
909 4041 996 4118 luce
1017 4038 1204 4118 cucurrit.

183 4147 315 4242 Illam,
338 4174 498 4226 summa
517 4174 639 4256 super
658 4151 860 4230 labentem
882 4152 1058 4229 culmina
1077 4151 1186 4245 tecti,

184 4259 400 4338 Cernimus
423 4259 543 4338 Idaea
566 4263 713 4340 claram
733 4289 773 4341 se
795 4262 964 4341 condere
984 4263 1081 4341 silva
