3584 4522
183 407 369 504 obsidet,
392 429 512 518 atque
531 409 617 489 imo
637 410 813 490 barathri
835 430 895 489 ter
914 409 1075 519 gurgite
1092 428 1220 491 vastos

183 521 326 602 Sorbet
347 525 388 603 in
410 524 629 630 abruptum
649 521 806 620 fluctus,
827 550 1038 631 rursusque
1058 524 1130 604 sub
1150 548 1261 603 auras

182 634 319 742 Erigit
339 638 511 715 alternos
531 652 571 712 et
591 634 719 715 sidera
737 637 919 716 verberat
938 637 1055 719 unda.

183 746 241 824 At
267 749 444 858 Scyllam
465 748 592 825 caecis
611 746 776 828 cohibet
797 749 983 858 spelunca
1002 747 1174 842 latebris,

185 857 268 938 Ora
288 876 556 939 exsertantem
576 878 618 937 et
633 886 752 940 naves
766 862 809 940 in
829 886 920 940 saxa
940 858 1176 939 trahentem.

185 970 322 1050 Prima
342 971 521 1049 hominis
540 966 658 1052 facies
679 991 718 1051 et
739 972 908 1081 pulchro
930 991 1090 1080 pectore
1109 973 1225 1077 virgo

186 1083 298 1162 Pube
319 1103 449 1177 tenus,
471 1101 672 1188 postrema
692 1085 847 1164 inmani
868 1110 1036 1191 corpore
1056 1085 1212 1192 pistrix,

186 1196 444 1303 Delphinum
465 1194 609 1275 caudas
630 1217 745 1275 utero
766 1196 978 1275 commissa
996 1196 1198 1303 luporum.

187 1306 362 1386 Praestat
383 1306 584 1386 Trinacrii
605 1328 729 1388 metas
748 1311 914 1388 lustrare
935 1307 1113 1417 Pachyni

187 1419 433 1513 Cessantem,
453 1420 595 1527 longos
616 1438 655 1498 et
676 1418 990 1500 circumflectere
1010 1445 1157 1513 cursus,

186 1530 326 1616 Quam
347 1531 470 1609 semel
490 1528 708 1610 informem
727 1553 839 1611 vasto
859 1533 1003 1610 vidisse
1023 1531 1094 1611 sub
1114 1548 1228 1608 antro

187 1642 362 1751 Scyllam
383 1663 423 1722 et
445 1645 634 1723 caeruleis
655 1646 818 1723 canibus
838 1646 1060 1723 resonantia
1079 1669 1181 1722 saxa.

244 1866 464 1961 Praeterea,
485 1867 518 1945 si
539 1888 696 1974 quaest
718 1869 880 1949 Heleno
895 1867 1121 1978 prudentia,
1141 1865 1222 1943 vati

187 1977 228 2055 Si
251 2005 331 2084 qua
350 1974 463 2074 fides,
484 1980 667 2058 animum
687 1982 718 2060 si
738 1983 842 2061 veris
861 1983 988 2090 inplet
1008 1979 1173 2087 Apollo,

188 2088 332 2167 Unum
353 2089 454 2169 illud
475 2090 565 2186 tibi,
586 2110 678 2170 nate
698 2091 783 2188 dea,
805 2121 961 2202 proque
982 2091 1168 2171 omnibus
1188 2115 1316 2167 unum

188 2200 436 2296 Praedicam,
458 2221 500 2280 et
520 2225 702 2309 repetens
723 2206 956 2311 iterumque
977 2206 1206 2309 iterumque
1229 2198 1425 2279 monebo:

186 2311 355 2392 Iunonis
377 2339 549 2420 magnae
568 2316 750 2422 primum
771 2343 889 2422 prece
914 2343 1064 2395 numen
1091 2313 1231 2407 adora3

188 2423 338 2504 Iunoni
361 2451 456 2503 cane
477 2444 571 2504 vota
590 2428 719 2506 libens
740 2427 1027 2535 dominamque
1046 2444 1257 2534 potentem

189 2537 449 2643 Supplicibus
470 2564 612 2645 supera
632 2538 768 2620 donis:
801 2542 857 2619 sic
878 2539 1051 2647 denique
1070 2540 1201 2616 victor

185 2648 398 2727 Trinacria
418 2644 516 2727 fines
537 2648 662 2730 Italos
681 2654 844 2730 mittere
864 2653 1013 2731 relicta.

245 2871 346 2950 Huc
367 2872 437 2952 ubi
460 2873 611 2953 delatus
633 2874 853 2982 Cymaeam
874 2874 1080 2954 accesseris
1101 2873 1242 2952 urbem

187 2984 443 3091 Divinosque
461 2986 570 3064 lacus
589 3006 629 3064 et
647 2987 811 3065 Averna
830 2987 1008 3065 sonantia
1027 2986 1147 3078 silvis,

187 3095 374 3174 Insanam
395 3116 531 3175 vatem
550 3097 727 3203 aspicies,
750 3124 852 3205 quae
871 3125 971 3204 rupe
990 3097 1062 3177 sub
1082 3098 1164 3175 ima

189 3208 288 3285 Fata
308 3209 417 3287 canit
438 3205 625 3316 foliisque
644 3229 757 3288 notas
777 3229 817 3288 et
837 3210 1003 3288 nomina
1023 3208 1197 3288 mandat.

188 3319 485 3426 Quaecumque
504 3321 547 3398 in
567 3316 673 3400 foliis
692 3320 904 3429 descripsit
923 3323 1100 3400 carmina
1118 3321 1248 3426 virgo,

189 3432 354 3537 Digerit
374 3433 416 3509 in
438 3458 654 3510 numerum
674 3453 794 3539 atque
815 3453 929 3512 antro
949 3436 1097 3513 seclusa
1118 3429 1322 3536 relinquit.

190 3542 263 3620 Illa
282 3563 448 3622 manent
468 3545 623 3623 inmota
642 3544 740 3623 locis
760 3572 890 3652 neque
910 3545 959 3625 ab
980 3545 1118 3624 ordine
1142 3541 1313 3637 cedunt;

190 3655 348 3731 Verum
369 3655 523 3751 eadem,
544 3682 656 3734 verso
676 3659 807 3735 tenuis
826 3684 922 3735 cum
942 3655 1101 3735 cardine
1119 3673 1262 3732 ventus

190 3764 350 3872 Inpulit
370 3785 409 3845 et
430 3786 583 3847 teneras
604 3767 782 3847 turbavit
802 3770 922 3847 ianua
940 3765 1110 3859 frondes,

192 3878 437 3983 Numquam
458 3879 603 3957 deinde
624 3905 721 3956 cavo
741 3880 950 3958 volitantia
969 3875 1160 3984 prendere
1179 3902 1286 3971 saxo,

191 3989 235 4067 N
237 4015 282 4067 ec
303 4015 488 4068 revocare
508 3992 605 4069 situs
625 4011 693 4068 aut
712 3990 877 4096 iungere
897 3991 1073 4068 carmina
1092 4008 1222 4067 curat:

192 4100 415 4180 Inconsulti
436 4101 598 4196 abeunt,
618 4100 831 4207 sedemque
852 4102 970 4181 odere
989 4100 1172 4209 Sibyllae.

194 4212 280 4292 Hic
300 4212 377 4291 tibi
398 4240 449 4291 ne
471 4242 549 4321 qua
570 4239 705 4291 morae
724 4210 873 4293 fuerint
893 4213 1097 4321 dispendia
1117 4213 1231 4307 tanti,

193 4324 390 4411 Quamvis
409 4326 654 4432 increpitent
674 4325 787 4420 socii,
804 4345 843 4404 et
863 4327 905 4404 vi
926 4351 1059 4405 cursus
1080 4325 1121 4404 in
1142 4328 1266 4405 altum
