3584 4522
1587 310 1606 377 1

199 422 259 500 Sis
278 418 394 520 felix,
413 443 680 529 nostrumque
697 425 818 519 leves,
843 450 1136 532 quaecumque,
1160 425 1353 522 laborem,
1526 449 1608 533 330

199 534 268 630 Et,
290 562 373 644 quo
392 536 467 616 sub
487 536 599 614 caelo
619 537 798 630 tandem,
818 535 965 642 quibus
983 536 1092 617 orbis
1109 539 1153 616 in
1172 541 1252 617 oris

201 646 419 743 laetemur,
440 648 584 727 doceas
603 675 614 724 :
646 649 777 754 ignari
796 647 1093 756 hominumque
1109 651 1372 757 locorumque

198 760 407 854 Erramus,
428 779 552 838 vento
572 759 655 839 huc
675 779 716 838 et
736 759 855 837 vastis
873 757 1061 841 fluctibus
1080 762 1188 840 acti:

200 873 339 951 Multa
361 871 438 950 tibi
463 891 556 951 ante
575 899 660 951 aras
679 890 813 950 nostra
832 871 949 951 cadet
969 874 1100 953 hostia
1117 873 1268 954 dextra.

255 1098 369 1174 Tum
391 1096 556 1174 Venus:
590 1096 717 1176 Haud
736 1095 926 1203 equidem
941 1096 1010 1174 tali
1030 1122 1097 1174 me
1115 1095 1259 1203 dignor
1277 1097 1446 1193 honore,
1521 1121 1600 1207 335

198 1207 440 1314 Virginibus
458 1210 596 1318 Tyriis
616 1234 704 1287 mos
723 1227 781 1286 est
799 1226 949 1315 gestare
970 1207 1209 1314 pharetram,

201 1321 493 1427 Purpureoque
513 1323 592 1400 alte
610 1347 718 1400 suras
736 1319 892 1400 vincire
910 1321 1121 1399 cothurno.

199 1432 356 1510 Punica
374 1459 500 1539 tegna
518 1433 642 1529 vides,
660 1433 807 1542 Tyrios
826 1451 866 1511 et
886 1435 1085 1538 Agenoris
1103 1433 1244 1512 urbem
1263 1467 1275 1531 ;

200 1545 277 1623 Sed
298 1540 397 1624 fines
418 1545 583 1655 Libyci,
603 1572 729 1652 genus
748 1544 997 1623 intractabile
1017 1546 1132 1624 bello.

200 1657 429 1764 Imperium
450 1657 563 1737 Dido
582 1658 709 1767 Tyria
728 1660 834 1764 regit
853 1657 951 1735 urbe
969 1654 1159 1764 profecta,

201 1768 457 1847 Germanum
477 1767 648 1876 fugiens.
709 1769 852 1875 Longa
866 1790 922 1847 est
941 1771 1099 1863 iniuria,
1123 1771 1266 1878 longae

201 1881 409 1987 Ambages
430 1914 441 1976 ;
472 1883 542 1960 sed
560 1907 720 1960 summa
738 1907 878 1986 sequar
895 1879 1055 1988 fastigia
1073 1908 1218 1960 retum.

258 2104 376 2182 Huic
396 2104 577 2182 coniunx
597 2104 798 2213 Sychaeus
817 2123 913 2200 erat,
933 2103 1151 2184 ditissimus
1168 2106 1255 2212 agri

200 2215 473 2310 Phoenicum,
493 2235 536 2294 et
554 2243 705 2324 magno
725 2218 890 2295 miserae
910 2216 1076 2296 dilectus
1096 2245 1244 2313 amore,

201 2328 281 2405 Cui
298 2347 412 2434 pater
430 2330 628 2407 intactam
648 2328 823 2423 dederat,
842 2328 1063 2436 primisque
1083 2331 1238 2437 iugarat

201 2439 437 2519 Ominibus.
498 2439 576 2519 Sed
596 2467 718 2546 regna
735 2441 839 2549 Tyri
858 2467 1069 2548 germanus
1088 2441 1258 2521 habebat

203 2551 459 2658 Pygmalion,
480 2553 627 2631 scelere
647 2573 739 2630 ante
759 2553 856 2630 alios
875 2553 1076 2631 inmanior
1093 2580 1243 2632 omnes.

200 2663 316 2749 Quos
335 2665 444 2743 inter
457 2664 616 2742 medius
634 2664 747 2742 venit
767 2660 888 2742 furor.
947 2663 1022 2743 Ille
1042 2665 1267 2772 Sychaeum

200 2774 360 2882 Impius
379 2795 472 2854 ante
493 2802 578 2853 aras
597 2795 720 2881 atque
739 2777 825 2854 auri
845 2801 985 2854 caecus
1004 2803 1139 2856 amore

201 2888 319 2965 Clam
340 2886 447 2966 ferro
469 2888 680 2965 incautum
699 2906 870 2994 superat,
890 2914 1047 2967 securus
1064 2916 1251 2968 amorum

203 2999 433 3078 Germanae
451 3031 463 3095 ;
494 2997 733 3105 factumque
751 2999 823 3078 diu
841 3000 1000 3094 celavit,
1020 3020 1060 3079 et
1079 3026 1253 3107 aegram,

201 3110 342 3189 Multa
362 3113 492 3190 malus
511 3111 716 3205 simulans,
736 3138 837 3189 vana
856 3137 925 3217 spe
943 3112 1037 3190 lusit
1056 3132 1268 3193 amantem.

183 3213 294 3328 Upsa
314 3222 382 3302 sed
402 3224 445 3302 in
465 3224 616 3302 somnis
636 3221 839 3301 inhumati
858 3224 970 3303 venit
989 3224 1124 3332 imago

201 3334 415 3442 Coniugis,
431 3362 502 3414 ora
519 3335 651 3414 modis
671 3335 858 3414 attollens
878 3335 1026 3441 pallida
1045 3337 1188 3432 miris;

202 3447 395 3526 Crudeles
415 3474 499 3526 aras
519 3447 767 3555 traiectaque
786 3465 948 3553 pectora
966 3445 1070 3527 ferro

202 3558 246 3635 N
250 3560 404 3656 udavit,
425 3585 676 3666 caecumque
695 3559 839 3638 domus
858 3560 982 3638 scelus
1002 3586 1122 3638 omne
1140 3561 1298 3640 retexit

199 3671 312 3749 Tum
333 3675 506 3750 celerare
526 3668 667 3779 fugam
687 3671 894 3777 patriaque
915 3672 1105 3750 excedere
1124 3671 1274 3766 suadet,

201 3783 506 3891 Auxiliumque
525 3784 615 3862 viae
635 3803 788 3862 veteres
808 3783 948 3861 tellure
969 3783 1137 3862 recludit

199 3894 443 3989 Thesauros,
464 3897 656 4002 ignotum
675 3895 832 4001 argenti
852 3893 1009 4000 pondus
1028 3914 1069 3973 et
1088 3895 1185 3974 auri.

204 4006 285 4085 His
306 4026 515 4085 commota
535 4004 676 4113 fugam
696 4006 808 4086 Dido
829 4007 1036 4112 sociosque
1056 4006 1228 4112 parabat.

202 4118 480 4213 Conveniunt,
501 4118 649 4225 quibus
669 4137 738 4196 aut
758 4117 898 4196 odium
918 4117 1077 4196 crudele
1096 4118 1253 4226 tyranni

201 4233 289 4311 Aut
309 4250 442 4310 metus
464 4257 554 4309 acer
575 4248 658 4308 erat
676 4262 686 4325 ;
719 4255 849 4323 naves,
869 4256 972 4335 quae
991 4228 1095 4308 forte
1115 4249 1286 4337 paratae,
