<?xml version="1.0" encoding="UTF-8"?>
<!DOCTYPE html PUBLIC "-//W3C//DTD XHTML 1.0 Transitional//EN"
    "http://www.w3.org/TR/xhtml1/DTD/xhtml1-transitional.dtd">
<html xmlns="http://www.w3.org/1999/xhtml" xml:lang="en" lang="en">
 <head>
  <title>
</title>
<meta http-equiv="Content-Type" content="text/html;charset=utf-8" />
  <meta name='ocr-system' content='tesseract 3.04.00' />
  <meta name='ocr-capabilities' content='ocr_page ocr_carea ocr_par ocr_line ocrx_word'/>
</head>
<body>
  <div class='ocr_page' id='page_1' title='image "aeneidvirgil00billgoog_0118.png"; bbox 0 0 3584 4522; ppageno 0'>
   <div class='ocr_carea' id='block_1_1' title="bbox 238 462 1735 1326">
    <p class='ocr_par' dir='ltr' id='par_1_1' title="bbox 238 462 1735 1326">
     <span class='ocr_line' id='line_1_1' title="bbox 297 462 1234 573; baseline 0.004 -32"><span class='ocrx_word' id='word_1_1' title='bbox 297 462 479 542; x_wconf 87' lang='lat' dir='ltr'>Procedo</span> <span class='ocrx_word' id='word_1_2' title='bbox 501 481 541 542; x_wconf 92' lang='lat' dir='ltr'>et</span> <span class='ocrx_word' id='word_1_3' title='bbox 562 463 713 543; x_wconf 87' lang='lat' dir='ltr'>Priami</span> <span class='ocrx_word' id='word_1_4' title='bbox 733 464 843 545; x_wconf 90' lang='lat' dir='ltr'>sedes</span> <span class='ocrx_word' id='word_1_5' title='bbox 863 492 1076 573; x_wconf 85' lang='lat' dir='ltr'><strong>arcemque</strong></span> <span class='ocrx_word' id='word_1_6' title='bbox 1095 465 1234 546; x_wconf 83' lang='lat' dir='ltr'>reviso.</span> 
     </span>
     <span class='ocr_line' id='line_1_2' title="bbox 239 574 1108 685; baseline 0.006 -33"><span class='ocrx_word' id='word_1_7' title='bbox 239 574 294 653; x_wconf 91' lang='lat' dir='ltr'>Et</span> <span class='ocrx_word' id='word_1_8' title='bbox 315 576 397 654; x_wconf 92' lang='lat' dir='ltr'>iam</span> <span class='ocrx_word' id='word_1_9' title='bbox 417 575 640 684; x_wconf 90' lang='lat' dir='ltr'>porticibus</span> <span class='ocrx_word' id='word_1_10' title='bbox 659 577 795 656; x_wconf 90' lang='lat' dir='ltr'>vacuis</span> <span class='ocrx_word' id='word_1_11' title='bbox 816 577 981 656; x_wconf 94' lang='lat' dir='ltr'>Iunonis</span> <span class='ocrx_word' id='word_1_12' title='bbox 1002 579 1108 685; x_wconf 92' lang='lat' dir='ltr'>asylo</span> 
     </span>
     <span class='ocr_line' id='line_1_3' title="bbox 241 687 1113 769; baseline 0.003 -3"><span class='ocrx_word' id='word_1_13' title='bbox 241 687 436 767; x_wconf 88' lang='lat' dir='ltr'>Custodes</span> <span class='ocrx_word' id='word_1_14' title='bbox 455 689 552 766; x_wconf 89' lang='lat' dir='ltr'>lecti</span> <span class='ocrx_word' id='word_1_15' title='bbox 575 687 760 767; x_wconf 85' lang='lat' dir='ltr'>Phoenix</span> <span class='ocrx_word' id='word_1_16' title='bbox 779 707 819 768; x_wconf 94' lang='lat' dir='ltr'>et</span> <span class='ocrx_word' id='word_1_17' title='bbox 840 690 947 769; x_wconf 92' lang='lat' dir='ltr'>dirus</span> <span class='ocrx_word' id='word_1_18' title='bbox 970 689 1113 769; x_wconf 84' lang='lat' dir='ltr'>Ulixes</span> 
     </span>
     <span class='ocr_line' id='line_1_4' title="bbox 241 798 1349 908; baseline 0.002 -31"><span class='ocrx_word' id='word_1_19' title='bbox 241 800 436 878; x_wconf 88' lang='lat' dir='ltr'>Praedam</span> <span class='ocrx_word' id='word_1_20' title='bbox 456 798 729 879; x_wconf 90' lang='lat' dir='ltr'>adservabant.</span> <span class='ocrx_word' id='word_1_21' title='bbox 790 802 889 881; x_wconf 92' lang='lat' dir='ltr'>Huc</span> <span class='ocrx_word' id='word_1_22' title='bbox 910 800 1088 907; x_wconf 91' lang='lat' dir='ltr'>undique</span> <span class='ocrx_word' id='word_1_23' title='bbox 1106 801 1231 880; x_wconf 91' lang='lat' dir='ltr'>Troia</span> <span class='ocrx_word' id='word_1_24' title='bbox 1250 826 1349 908; x_wconf 89' lang='lat' dir='ltr'>gaza</span> 
     </span>
     <span class='ocr_line' id='line_1_5' title="bbox 241 909 1197 1020; baseline 0.002 -31"><span class='ocrx_word' id='word_1_25' title='bbox 241 909 417 990; x_wconf 91' lang='lat' dir='ltr'>Incensis</span> <span class='ocrx_word' id='word_1_26' title='bbox 438 930 574 1018; x_wconf 91' lang='lat' dir='ltr'>erepta</span> <span class='ocrx_word' id='word_1_27' title='bbox 593 910 736 1020; x_wconf 88' lang='lat' dir='ltr'>adytis,</span> <span class='ocrx_word' id='word_1_28' title='bbox 759 940 997 1019; x_wconf 89' lang='lat' dir='ltr'>mensaeque</span> <span class='ocrx_word' id='word_1_29' title='bbox 1018 912 1197 1008; x_wconf 91' lang='lat' dir='ltr'>deorum,</span> 
     </span>
     <span class='ocr_line' id='line_1_6' title="bbox 240 1022 1735 1134; baseline 0.001 -34"><span class='ocrx_word' id='word_1_30' title='bbox 240 1022 503 1129; x_wconf 89' lang='lat' dir='ltr'>Crateresque</span> <span class='ocrx_word' id='word_1_31' title='bbox 525 1050 620 1102; x_wconf 88' lang='lat' dir='ltr'>auro</span> <span class='ocrx_word' id='word_1_32' title='bbox 640 1025 771 1118; x_wconf 88' lang='lat' dir='ltr'>solidi,</span> <span class='ocrx_word' id='word_1_33' title='bbox 792 1027 1031 1132; x_wconf 89' lang='lat' dir='ltr'>captivaque</span> <span class='ocrx_word' id='word_1_34' title='bbox 1050 1026 1170 1104; x_wconf 89' lang='lat' dir='ltr'>vestis</span> <span class='ocrx_word' id='word_1_35' title='bbox 1564 1024 1621 1134; x_wconf 90' lang='lat'>76</span> <span class='ocrx_word' id='word_1_36' title='bbox 1626 1050 1648 1132; x_wconf 81' lang='grc' dir='ltr'><em>ς</em></span> <span class='ocrx_word' id='word_1_37' title='bbox 1726 1093 1735 1132; x_wconf 33' lang='lat'>‚-</span> 
     </span>
     <span class='ocr_line' id='line_1_7' title="bbox 239 1135 1394 1243; baseline 0.001 -29"><span class='ocrx_word' id='word_1_38' title='bbox 239 1135 497 1241; x_wconf 91' lang='lat' dir='ltr'>Congeritur.</span> <span class='ocrx_word' id='word_1_39' title='bbox 562 1136 680 1215; x_wconf 90' lang='lat' dir='ltr'>Pueri</span> <span class='ocrx_word' id='word_1_40' title='bbox 702 1154 742 1215; x_wconf 96' lang='lat' dir='ltr'>et</span> <span class='ocrx_word' id='word_1_41' title='bbox 763 1136 930 1243; x_wconf 87' lang='lat' dir='ltr'>pavidae</span> <span class='ocrx_word' id='word_1_42' title='bbox 950 1139 1072 1243; x_wconf 93' lang='lat' dir='ltr'>longo</span> <span class='ocrx_word' id='word_1_43' title='bbox 1092 1135 1230 1215; x_wconf 87' lang='lat' dir='ltr'>ordine</span> <span class='ocrx_word' id='word_1_44' title='bbox 1250 1153 1394 1215; x_wconf 91' lang='lat' dir='ltr'>matres</span> 
     </span>
     <span class='ocr_line' id='line_1_8' title="bbox 238 1247 541 1326; baseline 0.003 -1"><span class='ocrx_word' id='word_1_45' title='bbox 238 1247 351 1326; x_wconf 90' lang='lat' dir='ltr'>Stant</span> <span class='ocrx_word' id='word_1_46' title='bbox 372 1248 541 1326; x_wconf 90' lang='lat' dir='ltr'>circum.</span> 
     </span>
    </p>
   </div>
   <div class='ocr_carea' id='block_1_2' title="bbox 235 1471 1649 2362">
    <p class='ocr_par' dir='ltr' id='par_1_2' title="bbox 235 1471 1649 2362">
     <span class='ocr_line' id='line_1_9' title="bbox 294 1471 1292 1579; baseline 0.003 -31"><span class='ocrx_word' id='word_1_47' title='bbox 294 1471 427 1549; x_wconf 89' lang='lat' dir='ltr'>Ausus</span> <span class='ocrx_word' id='word_1_48' title='bbox 449 1472 549 1577; x_wconf 94' lang='lat' dir='ltr'>quin</span> <span class='ocrx_word' id='word_1_49' title='bbox 571 1473 693 1549; x_wconf 88' lang='lat' dir='ltr'>etiarn</span> <span class='ocrx_word' id='word_1_50' title='bbox 713 1499 832 1550; x_wconf 87' lang='lat' dir='ltr'>voces</span> <span class='ocrx_word' id='word_1_51' title='bbox 852 1473 997 1551; x_wconf 91' lang='lat' dir='ltr'>iactare</span> <span class='ocrx_word' id='word_1_52' title='bbox 1017 1498 1087 1579; x_wconf 91' lang='lat' dir='ltr'>per</span> <span class='ocrx_word' id='word_1_53' title='bbox 1106 1471 1292 1551; x_wconf 91' lang='lat' dir='ltr'>umbram</span> 
     </span>
     <span class='ocr_line' id='line_1_10' title="bbox 239 1578 1197 1692; baseline 0.004 -34"><span class='ocrx_word' id='word_1_54' title='bbox 239 1578 399 1686; x_wconf 87' lang='lat' dir='ltr'>Inplevi</span> <span class='ocrx_word' id='word_1_55' title='bbox 421 1585 596 1661; x_wconf 91' lang='lat' dir='ltr'>clamore</span> <span class='ocrx_word' id='word_1_56' title='bbox 616 1586 712 1678; x_wconf 90' lang='lat' dir='ltr'>vias,</span> <span class='ocrx_word' id='word_1_57' title='bbox 734 1604 986 1692; x_wconf 89' lang='lat' dir='ltr'>maestusque</span> <span class='ocrx_word' id='word_1_58' title='bbox 1007 1587 1197 1663; x_wconf 87' lang='lat' dir='ltr'>Creusam</span> 
     </span>
     <span class='ocr_line' id='line_1_11' title="bbox 238 1692 1649 1824; baseline 0.006 -55"><span class='ocrx_word' id='word_1_59' title='bbox 238 1692 508 1801; x_wconf 88' lang='lat' dir='ltr'>Nequiquam</span> <span class='ocrx_word' id='word_1_60' title='bbox 528 1696 780 1824; x_wconf 82' lang='lat' dir='ltr'>ingeminans</span> <span class='ocrx_word' id='word_1_61' title='bbox 800 1697 1029 1803; x_wconf 90' lang='lat' dir='ltr'>iterumque</span> <span class='ocrx_word' id='word_1_62' title='bbox 1050 1699 1276 1803; x_wconf 89' lang='lat' dir='ltr'>iterumque</span> <span class='ocrx_word' id='word_1_63' title='bbox 1296 1696 1448 1776; x_wconf 86' lang='lat' dir='ltr'>vocavi.</span> <span class='ocrx_word' id='word_1_64' title='bbox 1562 1721 1649 1804; x_wconf 93' lang='lat'>770</span> 
     </span>
     <span class='ocr_line' id='line_1_12' title="bbox 238 1803 1156 1889; baseline -0.005 0"><span class='ocrx_word' id='word_1_65' title='bbox 238 1803 461 1889; x_wconf 88' lang='lat' dir='ltr'>Quaerenti</span> <span class='ocrx_word' id='word_1_66' title='bbox 483 1827 522 1886; x_wconf 92' lang='lat' dir='ltr'>et</span> <span class='ocrx_word' id='word_1_67' title='bbox 543 1809 657 1886; x_wconf 91' lang='lat' dir='ltr'>tectis</span> <span class='ocrx_word' id='word_1_68' title='bbox 678 1807 836 1885; x_wconf 92' lang='lat' dir='ltr'>urbis</span> <span class='ocrx_word' id='word_1_69' title='bbox 807 1832 890 1886; x_wconf 83' lang='lat' dir='ltr'>sine</span> <span class='ocrx_word' id='word_1_70' title='bbox 910 1804 989 1886; x_wconf 90' lang='lat' dir='ltr'>fine</span> <span class='ocrx_word' id='word_1_71' title='bbox 1008 1805 1156 1886; x_wconf 87' lang='lat' dir='ltr'>furenti</span> 
     </span>
     <span class='ocr_line' id='line_1_13' title="bbox 238 1913 1306 2033; baseline 0.004 -40"><span class='ocrx_word' id='word_1_72' title='bbox 238 1913 389 1996; x_wconf 85' lang='lat' dir='ltr'>Infelix</span> <span class='ocrx_word' id='word_1_73' title='bbox 409 1921 670 2025; x_wconf 89' lang='lat' dir='ltr'>simulacrum</span> <span class='ocrx_word' id='word_1_74' title='bbox 691 1938 812 2028; x_wconf 91' lang='lat' dir='ltr'>atque</span> <span class='ocrx_word' id='word_1_75' title='bbox 833 1921 975 2029; x_wconf 52' lang='lat' dir='ltr'>ipsius,¹</span> <span class='ocrx_word' id='word_1_76' title='bbox 975 1920 1115 2017; x_wconf 79' lang='lat' dir='ltr'>umbra</span> <span class='ocrx_word' id='word_1_77' title='bbox 1136 1920 1306 2033; x_wconf 82' lang='lat' dir='ltr'>Creusae</span> 
     </span>
     <span class='ocr_line' id='line_1_14' title="bbox 237 2011 1223 2138; baseline 0.004 -34"><span class='ocrx_word' id='word_1_78' title='bbox 237 2011 354 2107; x_wconf 85' lang='lat' dir='ltr'>Visa</span> <span class='ocrx_word' id='word_1_79' title='bbox 355 2016 477 2108; x_wconf 78' lang='lat' dir='ltr'>milri</span> <span class='ocrx_word' id='word_1_80' title='bbox 483 2052 574 2110; x_wconf 93' lang='lat' dir='ltr'>ante</span> <span class='ocrx_word' id='word_1_81' title='bbox 595 2032 731 2111; x_wconf 90' lang='lat' dir='ltr'>oculos</span> <span class='ocrx_word' id='word_1_82' title='bbox 752 2049 793 2110; x_wconf 96' lang='lat' dir='ltr'>et</span> <span class='ocrx_word' id='word_1_83' title='bbox 816 2050 911 2111; x_wconf 88' lang='lat' dir='ltr'>nota</span> <span class='ocrx_word' id='word_1_84' title='bbox 930 2033 1058 2111; x_wconf 90' lang='lat' dir='ltr'>maior</span> <span class='ocrx_word' id='word_1_85' title='bbox 1077 2033 1223 2138; x_wconf 86' lang='lat' dir='ltr'>imago.</span> 
     </span>
     <span class='ocr_line' id='line_1_15' title="bbox 237 2137 1421 2250; baseline 0.007 -32"><span class='ocrx_word' id='word_1_86' title='bbox 237 2137 448 2249; x_wconf 92' lang='lat' dir='ltr'>Obstipui,</span> <span class='ocrx_word' id='word_1_87' title='bbox 470 2163 746 2250; x_wconf 90' lang='lat' dir='ltr'>steteruntque</span> <span class='ocrx_word' id='word_1_88' title='bbox 766 2171 906 2223; x_wconf 90' lang='lat' dir='ltr'>comae</span> <span class='ocrx_word' id='word_1_89' title='bbox 926 2164 965 2223; x_wconf 96' lang='lat' dir='ltr'>et</span> <span class='ocrx_word' id='word_1_90' title='bbox 985 2171 1066 2222; x_wconf 85' lang='lat' dir='ltr'>vox</span> <span class='ocrx_word' id='word_1_91' title='bbox 1083 2140 1264 2222; x_wconf 86' lang='lat' dir='ltr'>faucibus</span> <span class='ocrx_word' id='word_1_92' title='bbox 1284 2142 1421 2226; x_wconf 85' lang='lat' dir='ltr'>haesit.</span> 
     </span>
     <span class='ocr_line' id='line_1_16' title="bbox 235 2252 1645 2362; baseline 0.006 -34"><span class='ocrx_word' id='word_1_93' title='bbox 235 2252 275 2329; x_wconf 94' lang='lat' dir='ltr'><strong>T</strong></span> <span class='ocrx_word' id='word_1_94' title='bbox 278 2279 348 2330; x_wconf 91' lang='lat' dir='ltr'>um</span> <span class='ocrx_word' id='word_1_95' title='bbox 369 2255 425 2333; x_wconf 90' lang='lat' dir='ltr'>sic</span> <span class='ocrx_word' id='word_1_96' title='bbox 446 2253 570 2333; x_wconf 88' lang='lat' dir='ltr'>adfari</span> <span class='ocrx_word' id='word_1_97' title='bbox 592 2273 632 2334; x_wconf 96' lang='lat' dir='ltr'>et</span> <span class='ocrx_word' id='word_1_98' title='bbox 652 2283 763 2335; x_wconf 91' lang='lat' dir='ltr'>curas</span> <span class='ocrx_word' id='word_1_99' title='bbox 786 2256 848 2334; x_wconf 90' lang='lat' dir='ltr'>his</span> <span class='ocrx_word' id='word_1_100' title='bbox 868 2256 1026 2334; x_wconf 92' lang='lat' dir='ltr'>demere</span> <span class='ocrx_word' id='word_1_101' title='bbox 1046 2255 1192 2334; x_wconf 90' lang='lat' dir='ltr'>dictis:</span> <span class='ocrx_word' id='word_1_102' title='bbox 1559 2278 1645 2362; x_wconf 82' lang='lat'>775</span> 
     </span>
    </p>
   </div>
   <div class='ocr_carea' id='block_1_3' title="bbox 213 2476 1643 4036">
    <p class='ocr_par' dir='ltr' id='par_1_3' title="bbox 213 2476 1643 4036">
     <span class='ocr_line' id='line_1_17' title="bbox 294 2476 1268 2585; baseline -0.008 -24"><span class='ocrx_word' id='word_1_103' title='bbox 294 2476 408 2561; x_wconf 91' lang='lat' dir='ltr'>Quid</span> <span class='ocrx_word' id='word_1_104' title='bbox 429 2495 589 2556; x_wconf 91' lang='lat' dir='ltr'>tantum</span> <span class='ocrx_word' id='word_1_105' title='bbox 608 2480 746 2556; x_wconf 89' lang='lat' dir='ltr'>insano</span> <span class='ocrx_word' id='word_1_106' title='bbox 767 2480 879 2557; x_wconf 89' lang='lat' dir='ltr'>iuvat</span> <span class='ocrx_word' id='word_1_107' title='bbox 899 2478 1105 2585; x_wconf 89' lang='lat' dir='ltr'>indulgere</span> <span class='ocrx_word' id='word_1_108' title='bbox 1126 2476 1268 2571; x_wconf 92' lang='lat' dir='ltr'>dolori,</span> 
     </span>
     <span class='ocr_line' id='line_1_18' title="bbox 236 2585 1338 2669; baseline 0.002 -4"><span class='ocrx_word' id='word_1_109' title='bbox 236 2585 275 2665; x_wconf 95' lang='grc' dir='ltr'>Ο</span> <span class='ocrx_word' id='word_1_110' title='bbox 298 2589 427 2668; x_wconf 91' lang='lat' dir='ltr'>dulcis</span> <span class='ocrx_word' id='word_1_111' title='bbox 449 2590 628 2668; x_wconf 86' lang='lat' dir='ltr'>coniunx</span> <span class='ocrx_word' id='word_1_112' title='bbox 645 2592 658 2668; x_wconf 79' lang='lat' dir='ltr'>l</span> <span class='ocrx_word' id='word_1_113' title='bbox 689 2617 771 2668; x_wconf 94' lang='lat' dir='ltr'>non</span> <span class='ocrx_word' id='word_1_114' title='bbox 793 2589 891 2668; x_wconf 92' lang='lat' dir='ltr'>haec</span> <span class='ocrx_word' id='word_1_115' title='bbox 911 2592 994 2669; x_wconf 92' lang='lat' dir='ltr'>sine</span> <span class='ocrx_word' id='word_1_116' title='bbox 1014 2590 1179 2668; x_wconf 91' lang='lat' dir='ltr'>numine</span> <span class='ocrx_word' id='word_1_117' title='bbox 1199 2588 1338 2667; x_wconf 90' lang='lat' dir='ltr'>divom</span> 
     </span>
     <span class='ocr_line' id='line_1_19' title="bbox 237 2699 1402 2807; baseline 0.003 -31"><span class='ocrx_word' id='word_1_118' title='bbox 237 2699 473 2795; x_wconf 85' lang='lat' dir='ltr'>Eveniunt3</span> <span class='ocrx_word' id='word_1_119' title='bbox 505 2727 580 2779; x_wconf 92' lang='lat' dir='ltr'>nec</span> <span class='ocrx_word' id='word_1_120' title='bbox 601 2720 640 2779; x_wconf 92' lang='lat' dir='ltr'>te</span> <span class='ocrx_word' id='word_1_121' title='bbox 661 2700 758 2780; x_wconf 90' lang='lat' dir='ltr'>hinc</span> <span class='ocrx_word' id='word_1_122' title='bbox 779 2704 971 2781; x_wconf 90' lang='lat' dir='ltr'>comitem</span> <span class='ocrx_word' id='word_1_123' title='bbox 992 2722 1189 2807; x_wconf 88' lang='lat' dir='ltr'>asportare</span> <span class='ocrx_word' id='word_1_124' title='bbox 1210 2700 1402 2779; x_wconf 88' lang='lat' dir='ltr'>Creusam</span> 
     </span>
     <span class='ocr_line' id='line_1_20' title="bbox 237 2811 1220 2923; baseline 0.002 -35"><span class='ocrx_word' id='word_1_125' title='bbox 237 2811 311 2889; x_wconf 88' lang='lat' dir='ltr'>Fas</span> <span class='ocrx_word' id='word_1_126' title='bbox 333 2830 403 2889; x_wconf 90' lang='lat' dir='ltr'>aut</span> <span class='ocrx_word' id='word_1_127' title='bbox 423 2813 491 2889; x_wconf 91' lang='lat' dir='ltr'>ille</span> <span class='ocrx_word' id='word_1_128' title='bbox 512 2814 607 2891; x_wconf 90' lang='lat' dir='ltr'>sinit</span> <span class='ocrx_word' id='word_1_129' title='bbox 628 2815 762 2921; x_wconf 88' lang='lat' dir='ltr'>superi</span> <span class='ocrx_word' id='word_1_130' title='bbox 784 2833 971 2920; x_wconf 91' lang='lat' dir='ltr'>regnator</span> <span class='ocrx_word' id='word_1_131' title='bbox 992 2813 1220 2923; x_wconf 89' lang='lat' dir='ltr'>Olympi.</span> 
     </span>
     <span class='ocr_line' id='line_1_21' title="bbox 237 2920 1643 3030; baseline 0.001 -30"><span class='ocrx_word' id='word_1_132' title='bbox 237 2923 380 3030; x_wconf 90' lang='lat' dir='ltr'>Longa</span> <span class='ocrx_word' id='word_1_133' title='bbox 400 2924 477 3002; x_wconf 93' lang='lat' dir='ltr'>tibi</span> <span class='ocrx_word' id='word_1_134' title='bbox 501 2926 650 3019; x_wconf 88' lang='lat' dir='ltr'>exsilia,</span> <span class='ocrx_word' id='word_1_135' title='bbox 672 2942 712 3003; x_wconf 91' lang='lat' dir='ltr'>et</span> <span class='ocrx_word' id='word_1_136' title='bbox 731 2943 890 3004; x_wconf 88' lang='lat' dir='ltr'>vastum</span> <span class='ocrx_word' id='word_1_137' title='bbox 910 2927 1029 3003; x_wconf 88' lang='lat' dir='ltr'>maris</span> <span class='ocrx_word' id='word_1_138' title='bbox 1050 2950 1198 3030; x_wconf 88' lang='lat' dir='ltr'>aequor</span> <span class='ocrx_word' id='word_1_139' title='bbox 1217 2922 1426 3019; x_wconf 88' lang='lat' dir='ltr'>arandum,</span> <span class='ocrx_word' id='word_1_140' title='bbox 1558 2920 1643 3030; x_wconf 91' lang='lat'>780</span> 
     </span>
     <span class='ocr_line' id='line_1_22' title="bbox 235 3035 1271 3146; baseline 0.001 -34"><span class='ocrx_word' id='word_1_141' title='bbox 235 3036 291 3113; x_wconf 90' lang='lat' dir='ltr'>Et</span> <span class='ocrx_word' id='word_1_142' title='bbox 313 3054 460 3113; x_wconf 89' lang='lat' dir='ltr'>terram</span> <span class='ocrx_word' id='word_1_143' title='bbox 483 3036 726 3142; x_wconf 88' lang='lat' dir='ltr'>Hesperiam</span> <span class='ocrx_word' id='word_1_144' title='bbox 745 3039 894 3131; x_wconf 90' lang='lat' dir='ltr'>venies,</span> <span class='ocrx_word' id='word_1_145' title='bbox 916 3036 986 3117; x_wconf 92' lang='lat' dir='ltr'>ubi</span> <span class='ocrx_word' id='word_1_146' title='bbox 1009 3035 1159 3146; x_wconf 92' lang='lat' dir='ltr'>Lydius</span> <span class='ocrx_word' id='word_1_147' title='bbox 1180 3062 1271 3114; x_wconf 87' lang='lat' dir='ltr'>arva</span> 
     </span>
     <span class='ocr_line' id='line_1_23' title="bbox 235 3146 1276 3256; baseline 0.001 -31"><span class='ocrx_word' id='word_1_148' title='bbox 235 3146 350 3225; x_wconf 84' lang='lat' dir='ltr'>inter</span> <span class='ocrx_word' id='word_1_149' title='bbox 369 3149 509 3254; x_wconf 91' lang='lat' dir='ltr'>opima</span> <span class='ocrx_word' id='word_1_150' title='bbox 527 3150 662 3227; x_wconf 92' lang='lat' dir='ltr'>virum</span> <span class='ocrx_word' id='word_1_151' title='bbox 681 3148 764 3227; x_wconf 93' lang='lat' dir='ltr'>leni</span> <span class='ocrx_word' id='word_1_152' title='bbox 783 3148 874 3227; x_wconf 87' lang='lat' dir='ltr'>fluit</span> <span class='ocrx_word' id='word_1_153' title='bbox 894 3150 1054 3256; x_wconf 89' lang='lat' dir='ltr'>agmine</span> <span class='ocrx_word' id='word_1_154' title='bbox 1072 3146 1276 3256; x_wconf 91' lang='lat' dir='ltr'>Thybris.</span> 
     </span>
     <span class='ocr_line' id='line_1_24' title="bbox 238 3258 1208 3368; baseline 0 -31"><span class='ocrx_word' id='word_1_155' title='bbox 238 3258 326 3338; x_wconf 93' lang='lat' dir='ltr'>Illic</span> <span class='ocrx_word' id='word_1_156' title='bbox 348 3286 408 3337; x_wconf 95' lang='lat' dir='ltr'>res</span> <span class='ocrx_word' id='word_1_157' title='bbox 428 3261 553 3338; x_wconf 89' lang='lat' dir='ltr'>laetae</span> <span class='ocrx_word' id='word_1_158' title='bbox 574 3286 825 3368; x_wconf 91' lang='lat' dir='ltr'>regnumque</span> <span class='ocrx_word' id='word_1_159' title='bbox 845 3280 884 3339; x_wconf 92' lang='lat' dir='ltr'>et</span> <span class='ocrx_word' id='word_1_160' title='bbox 904 3262 1012 3367; x_wconf 89' lang='lat' dir='ltr'>regia</span> <span class='ocrx_word' id='word_1_161' title='bbox 1031 3261 1208 3339; x_wconf 84' lang='lat' dir='ltr'>coniunx</span> 
     </span>
     <span class='ocr_line' id='line_1_25' title="bbox 238 3370 1274 3478; baseline -0.001 -28"><span class='ocrx_word' id='word_1_162' title='bbox 238 3371 356 3450; x_wconf 89' lang='lat' dir='ltr'>Parta</span> <span class='ocrx_word' id='word_1_163' title='bbox 377 3370 467 3449; x_wconf 94' lang='lat' dir='ltr'>tibi.</span> <span class='ocrx_word' id='word_1_164' title='bbox 531 3371 736 3452; x_wconf 90' lang='lat' dir='ltr'>Lacrimas</span> <span class='ocrx_word' id='word_1_165' title='bbox 757 3373 932 3452; x_wconf 90' lang='lat' dir='ltr'>delectae</span> <span class='ocrx_word' id='word_1_166' title='bbox 952 3375 1053 3478; x_wconf 96' lang='lat' dir='ltr'>pelle</span> <span class='ocrx_word' id='word_1_167' title='bbox 1076 3373 1274 3451; x_wconf 88' lang='lat' dir='ltr'>Creusae:</span> 
     </span>
     <span class='ocr_line' id='line_1_26' title="bbox 237 3478 1640 3591; baseline 0.001 -31"><span class='ocrx_word' id='word_1_168' title='bbox 237 3484 281 3561; x_wconf 93' lang='lat' dir='ltr'>N</span> <span class='ocrx_word' id='word_1_169' title='bbox 284 3511 335 3561; x_wconf 93' lang='lat' dir='ltr'>on</span> <span class='ocrx_word' id='word_1_170' title='bbox 356 3509 432 3589; x_wconf 89' lang='lat' dir='ltr'>ego</span> <span class='ocrx_word' id='word_1_171' title='bbox 454 3483 771 3591; x_wconf 85' lang='lat' dir='ltr'>Myrmidonum</span> <span class='ocrx_word' id='word_1_172' title='bbox 791 3485 898 3564; x_wconf 89' lang='lat' dir='ltr'>sedes</span> <span class='ocrx_word' id='word_1_173' title='bbox 919 3484 1177 3590; x_wconf 88' lang='lat' dir='ltr'>Dolopumve</span> <span class='ocrx_word' id='word_1_174' title='bbox 1189 3480 1381 3589; x_wconf 88' lang='lat' dir='ltr'>superbas</span> <span class='ocrx_word' id='word_1_175' title='bbox 1558 3478 1611 3589; x_wconf 92' lang='lat'>78</span> <span class='ocrx_word' id='word_1_176' title='bbox 1617 3506 1640 3588; x_wconf 73' lang='grc' dir='ltr'><strong>ς</strong></span> 
     </span>
     <span class='ocr_line' id='line_1_27' title="bbox 236 3593 1235 3701; baseline -0.003 -27"><span class='ocrx_word' id='word_1_177' title='bbox 236 3597 462 3701; x_wconf 88' lang='lat' dir='ltr'>Aspiciam,</span> <span class='ocrx_word' id='word_1_178' title='bbox 484 3614 552 3673; x_wconf 92' lang='lat' dir='ltr'>aut</span> <span class='ocrx_word' id='word_1_179' title='bbox 574 3596 706 3675; x_wconf 90' lang='lat' dir='ltr'>Graiis</span> <span class='ocrx_word' id='word_1_180' title='bbox 727 3599 921 3676; x_wconf 89' lang='lat' dir='ltr'>servitum</span> <span class='ocrx_word' id='word_1_181' title='bbox 941 3596 1133 3674; x_wconf 91' lang='lat' dir='ltr'>matribus</span> <span class='ocrx_word' id='word_1_182' title='bbox 1152 3593 1235 3688; x_wconf 91' lang='lat' dir='ltr'>ibo,</span> 
     </span>
     <span class='ocr_line' id='line_1_28' title="bbox 213 3704 1006 3803; baseline 0.001 -19"><span class='ocrx_word' id='word_1_183' title='bbox 213 3705 217 3711; x_wconf 75' lang='grc'><strong>’</strong></span> <span class='ocrx_word' id='word_1_184' title='bbox 237 3704 449 3801; x_wconf 79' lang='lat' dir='ltr'>Dardania,</span> <span class='ocrx_word' id='word_1_185' title='bbox 471 3727 511 3785; x_wconf 92' lang='lat' dir='ltr'>et</span> <span class='ocrx_word' id='word_1_186' title='bbox 532 3707 646 3786; x_wconf 89' lang='lat' dir='ltr'>divae</span> <span class='ocrx_word' id='word_1_187' title='bbox 667 3709 835 3787; x_wconf 91' lang='lat' dir='ltr'>Veneris</span> <span class='ocrx_word' id='word_1_188' title='bbox 856 3734 977 3786; x_wconf 91' lang='lat' dir='ltr'>nurus</span> <span class='ocrx_word' id='word_1_189' title='bbox 995 3740 1006 3803; x_wconf 92' lang='grc'><strong>;</strong></span> 
     </span>
     <span class='ocr_line' id='line_1_29' title="bbox 237 3815 1299 3924; baseline -0.003 -28"><span class='ocrx_word' id='word_1_190' title='bbox 237 3818 314 3896; x_wconf 88' lang='lat' dir='ltr'>Sed</span> <span class='ocrx_word' id='word_1_191' title='bbox 334 3845 400 3895; x_wconf 92' lang='lat' dir='ltr'>me</span> <span class='ocrx_word' id='word_1_192' title='bbox 421 3845 569 3924; x_wconf 89' lang='lat' dir='ltr'>magna</span> <span class='ocrx_word' id='word_1_193' title='bbox 589 3821 713 3898; x_wconf 94' lang='lat' dir='ltr'>deum</span> <span class='ocrx_word' id='word_1_194' title='bbox 735 3821 934 3899; x_wconf 87' lang='lat' dir='ltr'>Genetrix</span> <span class='ocrx_word' id='word_1_195' title='bbox 955 3819 1017 3896; x_wconf 91' lang='lat' dir='ltr'>his</span> <span class='ocrx_word' id='word_1_196' title='bbox 1038 3815 1188 3894; x_wconf 88' lang='lat' dir='ltr'>detinet</span> <span class='ocrx_word' id='word_1_197' title='bbox 1209 3816 1299 3893; x_wconf 90' lang='lat' dir='ltr'>oris.</span> 
     </span>
     <span class='ocr_line' id='line_1_30' title="bbox 236 3928 1281 4036; baseline -0.002 -27"><span class='ocrx_word' id='word_1_198' title='bbox 236 3929 406 4036; x_wconf 89' lang='lat' dir='ltr'>Iamque</span> <span class='ocrx_word' id='word_1_199' title='bbox 426 3931 529 4025; x_wconf 87' lang='lat' dir='ltr'>vale,</span> <span class='ocrx_word' id='word_1_200' title='bbox 550 3950 589 4009; x_wconf 89' lang='lat' dir='ltr'>et</span> <span class='ocrx_word' id='word_1_201' title='bbox 609 3933 693 4009; x_wconf 90' lang='lat' dir='ltr'>nati</span> <span class='ocrx_word' id='word_1_202' title='bbox 714 3957 825 4008; x_wconf 89' lang='lat' dir='ltr'>serva</span> <span class='ocrx_word' id='word_1_203' title='bbox 845 3928 1072 4007; x_wconf 91' lang='lat' dir='ltr'>communis</span> <span class='ocrx_word' id='word_1_204' title='bbox 1092 3953 1281 4007; x_wconf 90' lang='lat' dir='ltr'>amorem.</span> 
     </span>
    </p>
   </div>
   <div class='ocr_carea' id='block_1_4' title="bbox 235 4152 1764 4370">
    <p class='ocr_par' dir='ltr' id='par_1_4' title="bbox 235 4152 1764 4370">
     <span class='ocr_line' id='line_1_31' title="bbox 294 4152 1639 4257; baseline -0.002 -26"><span class='ocrx_word' id='word_1_205' title='bbox 294 4154 414 4231; x_wconf 90' lang='lat' dir='ltr'>Haec</span> <span class='ocrx_word' id='word_1_206' title='bbox 435 4154 506 4231; x_wconf 93' lang='lat' dir='ltr'>ubi</span> <span class='ocrx_word' id='word_1_207' title='bbox 528 4153 636 4232; x_wconf 90' lang='lat' dir='ltr'>dicta</span> <span class='ocrx_word' id='word_1_208' title='bbox 656 4152 781 4246; x_wconf 89' lang='lat' dir='ltr'>dedit,</span> <span class='ocrx_word' id='word_1_209' title='bbox 801 4152 1076 4231; x_wconf 89' lang='lat' dir='ltr'>lacrimantem</span> <span class='ocrx_word' id='word_1_210' title='bbox 1097 4170 1137 4230; x_wconf 92' lang='lat' dir='ltr'>et</span> <span class='ocrx_word' id='word_1_211' title='bbox 1156 4152 1292 4231; x_wconf 88' lang='lat' dir='ltr'>multa</span> <span class='ocrx_word' id='word_1_212' title='bbox 1303 4152 1507 4232; x_wconf 89' lang='lat' dir='ltr'>volentem</span> <span class='ocrx_word' id='word_1_213' title='bbox 1555 4173 1639 4257; x_wconf 90' lang='lat'>790</span> 
     </span>
     <span class='ocr_line' id='line_1_32' title="bbox 235 4263 1764 4370; baseline -0.003 -25"><span class='ocrx_word' id='word_1_214' title='bbox 235 4268 386 4345; x_wconf 91' lang='lat' dir='ltr'>Dicere</span> <span class='ocrx_word' id='word_1_215' title='bbox 406 4266 594 4360; x_wconf 90' lang='lat' dir='ltr'>deseruit,</span> <span class='ocrx_word' id='word_1_216' title='bbox 618 4284 838 4370; x_wconf 91' lang='lat' dir='ltr'>tenuesque</span> <span class='ocrx_word' id='word_1_217' title='bbox 859 4265 1016 4343; x_wconf 88' lang='lat' dir='ltr'>recessit</span> <span class='ocrx_word' id='word_1_218' title='bbox 1038 4265 1080 4342; x_wconf 91' lang='lat' dir='ltr'>in</span> <span class='ocrx_word' id='word_1_219' title='bbox 1100 4289 1222 4343; x_wconf 90' lang='lat' dir='ltr'>auras.</span> <span class='ocrx_word' id='word_1_220' title='bbox 1757 4263 1764 4272; x_wconf 79' lang='grc'>’</span> 
     </span>
    </p>
   </div>
   <div class='ocr_carea' id='block_1_5' title="bbox 0 0 1796 4522">
    <p class='ocr_par' dir='ltr' id='par_1_5' title="bbox 0 0 1796 4522">
     <span class='ocr_line' id='line_1_33' title="bbox 0 0 1796 4522; baseline 0 1"><span class='ocrx_word' id='word_1_221' title='bbox 0 0 1796 4522; x_wconf 95' lang='lat' dir='ltr'> </span> 
     </span>
    </p>
   </div>
  </div>
 </body>
</html>
