3584 4522
120 440 290 583 fflaec
310 457 456 563 passim
478 457 550 534 dea
570 452 742 534 foeda
703 482 838 534 vimm
858 454 1080 536 diffundit
1068 484 1111 535 m
1131 483 1210 536 ora.
1359 462 1379 483 ⁹
1494 341 1578 565 ldis!

175 566 362 647 Protinus
383 567 430 645 ad
451 594 588 694 regem
608 594 744 647 cursus
764 546 972 676 detorquet
993 568 1146 698 Iarban,

173 677 439 786 Incenditque
459 681 642 758 animum
662 680 780 759 dictis
800 697 918 787 atque
938 684 1097 789 aggerat
1117 682 1203 761 iras.

228 903 315 982 Hic
337 903 570 980 Hammone
591 924 706 1001 satus,
729 886 841 1009 rapha
861 902 1144 982 Garamantide
1165 902 1376 1013 Nympha,

172 1015 349 1122 Templa
370 1014 460 1093 Iovi
482 1035 646 1094 centum
665 1017 755 1093 latis
775 1016 950 1119 inmania
969 1016 1113 1121 regnis,

171 1126 350 1204 Centum
371 1154 452 1205 aras
473 1130 620 1234 posuit,
641 1128 887 1233 vigilemque
906 1146 1122 1206 sacraverat
1140 1128 1293 1232 ignem,

170 1238 372 1317 Excubias
393 1239 531 1317 divom
552 1262 740 1333 aeternas,
761 1238 1040 1346 pecudumque
1061 1266 1202 1318 cruore

173 1348 329 1456 Pingue
349 1353 478 1430 solum
499 1370 537 1429 et
557 1353 676 1430 variis
697 1349 879 1429 florentia
898 1352 1036 1451 limina
1056 1352 1179 1430 sertis.

171 1459 290 1569 Isque
312 1490 446 1542 amens
467 1465 591 1540 animi
613 1484 650 1539 et
664 1490 824 1540 rumore
844 1489 1027 1541 accensus
1047 1490 1181 1542 amaro

173 1573 336 1652 Dicitur
356 1596 446 1653 ante
467 1601 549 1652 aras
570 1574 702 1652 media
722 1576 827 1652 inter
845 1577 1009 1653 numina
1030 1576 1166 1653 divom

170 1684 309 1764 Multa
325 1686 465 1765 Iovem
486 1688 668 1766 manibus
688 1688 854 1794 supplex
874 1713 997 1765 orasse
1016 1688 1195 1796 supinis:

226 1907 423 2025 Iuppiter
431 1913 699 2039 omnipotens,
720 1912 785 1988 cui
807 1938 913 1989 nunc
935 1910 1143 1988 Maurusia
1161 1910 1281 2028 pictis

171 2019 280 2099 Gens
300 2020 458 2129 epulata
478 2025 573 2101 toris
594 2023 797 2102 Lenaeum
818 2023 915 2102 libat
934 2022 1140 2117 honorem,

58 2132 63 2149 '
170 2134 328 2237 Aspicis
348 2133 480 2212 haec?
513 2162 562 2212 an
583 2154 635 2227 te,
656 2136 826 2240 genitor,
843 2112 936 2213 dum
955 2131 1124 2212 fulmina
1145 2152 1318 2240 torques,

169 2242 433 2352 Nequiquam
453 2246 675 2340 horremus,
696 2247 882 2357 caecique
902 2248 942 2323 in
964 2245 1168 2325 nubibus
1157 2272 1269 2351 ignes

166 2352 408 2434 Terrificant
425 2359 580 2435 animos
600 2375 639 2435 et
658 2358 791 2434 inania
809 2384 1013 2435 murmura
1032 2359 1201 2435 miscent
1220 2360 1233 2437 l
1352 2396 1355 2403 ⁴

168 2466 350 2563 Femina,
372 2495 473 2575 quae
494 2470 636 2547 nostris
657 2494 786 2546 errans
806 2470 848 2546 in
869 2464 1013 2547 finibus
1034 2470 1175 2547 urbem

167 2530 372 2685 Exiguam
392 2581 523 2686 pretio
543 2582 691 2687 posuit,
714 2578 779 2658 cui
799 2582 892 2658 litus
912 2580 1102 2679 arandum
1171 2589 1177 2599 “

168 2692 328 2797 Cuique
348 2692 427 2769 loci
447 2692 554 2799 leges
574 2691 768 2786 dedimus,
790 2692 960 2794 conubia
978 2710 1109 2769 nostra

168 2800 367 2910 Reppulit
388 2830 433 2881 ac
449 2804 663 2882 dominum
683 2803 879 2881 Aenean
869 2831 909 2881 1n
925 2829 1045 2931 regna
1065 2804 1227 2911 recepit.

167 2913 221 2990 Et
241 2916 437 3022 nunqille
459 2916 696 3025 Ρατίειωω
703 2916 890 2994 semiviro
910 2917 1118 3009 comitatu,

168 3025 362 3105 Maeonia
382 3047 566 3106 mentum
587 3030 708 3106 mitra
729 3030 959 3135 crinemque
979 3026 1206 3129 madentem

167 3137 388 3253 Subnexus,
404 3158 525 3267 ‘rapto
546 3141 730 3246 potitur:
761 3166 832 3217 nos
851 3145 1014 3217 mun'era
1028 3135 1192 3267 templis
1274 3176 1294 3257 s

167 3228 334 3390 Quippe
355 3252 432 3329 tuis
452 3249 631 3365 ferimus,
651 3236 879 3407 famamque
897 3248 1107 3359 fovemus
1096 3260 1277 3453 mapeml

1039 3352 1047 3365 ”
1235 3360 1287 3389 xx

218 3474 388 3552 Talibus
409 3493 590 3551 orantem
611 3473 727 3551 dictis
747 3499 909 3579 arasque
930 3490 1130 3550 tenentem

131 3563 310 3664 Audiit
331 3587 600 3692 omnipotens,
621 3587 837 3691 oculosque
856 3584 904 3662 ad
923 3585 1082 3662 moenia
1101 3583 1215 3662 torsit

131 3615 322 3885 &legia
314 3716 354 3774 et
375 3696 520 3775 oblitos
539 3695 668 3775 famae
687 3698 867 3775 melioris
886 3716 1095 3773 amantes.

203 3835 274 3885 um
293 3835 349 3887 s1c
371 3808 629 3886 Mercurium
650 3808 883 3914 adloquitur
903 3834 947 3884 ac
967 3808 1058 3884 talia
1078 3805 1268 3884 mandat:

161 3918 274 3996 Vade
294 3945 381 4025 age,
402 3939 509 4014 nate,
530 3947 629 3997 voca
649 3920 855 4027 Zephyros
876 3938 915 3996 et
934 3917 1064 3996 labere
1084 3918 1240 4046 pennis,

162 4030 498 4141 Dardaniumque
520 4030 679 4123 ducem,
699 4031 830 4139 Tyria
846 4029 1102 4134 Karthagine·
1118 4031 1188 4136 qui
1209 4058 1317 4111 nunc

161 4143 392 4250 Exspectat,
413 4136 587 4249 fatisque
609 4143 718 4221 datas
737 4168 817 4220 non
841 4142 998 4248 respicit
1018 4140 1147 4235 urbes,

160 4255 393 4362 Adloquere
416 4273 455 4332 et
477 4257 621 4333 celeres
642 4251 750 4333 defer
771 4280 860 4331 mea
880 4253 986 4332 dicta
1005 4278 1076 4359 per
1096 4280 1225 4338 auras.¹

801 4365 879 4467 164
1061 4388 1080 4401 ·“
