3584 4522
240 444 428 524 Tantane
447 471 519 524 vos
540 444 696 551 generis
716 443 847 523 tenuit
866 438 1013 523 fiducia
1030 444 1150 523 vestri
1169 444 1183 523 l

117 651 120 657 Ι
185 554 275 636 Iam
295 559 454 637 caelum
475 575 707 664 terramque
726 581 819 634 meo
839 556 923 635 sine
942 557 1122 652 numine,
1143 556 1290 649 Venti,

187 670 379 764 Miscere,
401 687 441 747 et
461 686 588 746 tantas
608 667 761 746 audetis
781 668 920 746 tollere
939 670 1095 748 moles?

186 782 300 869 Quos
321 779 485 889 ego—l
518 779 596 860 Sed
615 798 747 859 motos
766 798 938 888 praestat
958 806 1183 887 conponere
1203 777 1360 859 fluctus.

186 895 282 973 Post
302 891 409 971 mihi
430 919 512 970 non
534 891 658 970 simili
678 918 809 999 poena
824 893 1033 971 commissa
1051 892 1178 974 luetis.

187 1006 397 1086 Maturate
416 1002 571 1111 fugam,
594 1004 760 1111 regique
779 1003 880 1083 haec
899 1003 1021 1083 dicite
1040 1024 1198 1083 vestro:

186 1119 231 1197 N
234 1145 286 1196 on
309 1117 369 1194 illi
390 1117 613 1222 imperium
634 1117 765 1224 pelagi
786 1142 1029 1225 saevumque
1050 1116 1279 1212 tridentem,

187 1228 264 1308 Sed
284 1228 390 1306 mihi
410 1247 515 1307 sorte
536 1228 689 1307 datum.
748 1230 880 1307 Tenet
899 1228 965 1306 ille
984 1229 1159 1308 inmania
1178 1255 1281 1326 saxa,

187 1343 364 1436 Vestras,
385 1342 508 1437 Eure,
530 1341 671 1421 domos
692 1370 703 1436 ;
733 1341 804 1420 illa
823 1367 861 1420 se
882 1341 1003 1420 iactet
1022 1343 1065 1420 in
1083 1341 1172 1419 aula

184 1455 350 1548 Aeolus,
371 1471 411 1532 et
431 1455 564 1533 clauso
584 1472 799 1532 ventorum
820 1480 974 1532 carcere
995 1472 1145 1563 regnet.

244 1677 310 1756 Sic
331 1678 401 1771 ait,
422 1697 463 1755 et
484 1678 595 1757 dicto
616 1678 736 1757 citius
757 1677 912 1756 tumida
932 1704 1101 1785 aequora
1120 1680 1262 1785 placat,

188 1789 468 1896 Collectasque
490 1786 604 1894 fugat
624 1789 748 1869 nubes
769 1790 975 1895 solemque
994 1790 1160 1869 reducit.

189 1899 422 2008 Cymothoe
443 1902 565 1979 simul
586 1918 626 1978 et
645 1900 793 1979 Triton
813 1900 979 1978 adnixus
1000 1920 1116 1980 acuto

188 2012 429 2091 Detrudunt
449 2038 568 2090 naves
589 2012 753 2120 scopulo
772 2044 783 2108 ;
812 2013 917 2090 levat
936 2013 1019 2119 ipse
1041 2012 1205 2092 tridenti
1224 2044 1235 2109 ;

188 2125 245 2203 Et
264 2142 392 2203 vastas
413 2125 544 2230 aperit
565 2124 711 2233 Syrtes,
733 2143 773 2203 et
793 2143 989 2231 temperat
1008 2151 1167 2232 aequor,

187 2238 329 2343 Atque
351 2237 449 2314 rotis
470 2262 646 2316 summas
665 2236 819 2316 levibus
838 2237 1055 2343 perlabitur
1074 2235 1208 2316 undas.

188 2350 254 2427 Ac
274 2347 402 2426 veluti
423 2374 574 2454 magno
595 2349 637 2427 in
657 2349 811 2455 populo
832 2374 926 2426 cum
946 2374 1059 2455 saepe
1078 2366 1212 2428 coorta
1233 2365 1289 2426 est

190 2459 358 2553 Seditio,
380 2459 585 2567 saevitque
606 2462 750 2539 animis
771 2460 948 2566 ignobile
968 2461 1118 2566 volgus,

191 2570 363 2679 Iamque
383 2568 488 2649 faces
509 2589 549 2649 et
569 2598 661 2651 saxa
679 2573 816 2651 volant
842 2569 967 2676 (furor
986 2598 1093 2650 arma
1113 2571 1329 2678 ministrat)
1352 2603 1363 2666 ;

189 2683 316 2777 Tum,
337 2683 488 2790 pietate
509 2709 674 2789 gravem
694 2709 741 2761 ac
760 2683 965 2762 meritissi
984 2681 1085 2763 forte
1104 2685 1238 2762 virum
1258 2709 1382 2790 quem

193 2796 467 2901 Conspexere,
489 2796 623 2889 silent,
639 2794 1059 2902 arrectisqueauribus
1078 2795 1231 2874 adstant
1247 2826 1258 2890 3
1342 2882 1343 2886 Ν

191 2905 267 2985 Ille
287 2907 395 3013 regit
415 2905 535 2984 dictis
556 2907 725 3001 animos,
747 2924 788 2984 et
809 2919 970 3013 pectora
988 2907 1167 3002 mulcet3

192 3019 258 3097 Sic
279 3036 450 3097 cunctus
471 3018 604 3125 pelagi
625 3017 774 3097 cecidit
793 3014 940 3123 fragor,
960 3044 1129 3125 aequora
1148 3035 1363 3126 postquam

193 3128 449 3237 Prospiciens
469 3130 630 3235 genitor
650 3131 840 3237 caeloque
860 3131 1040 3209 invectus
1059 3152 1196 3238 aperto

194 3240 344 3320 Flectit
365 3267 491 3348 equos
513 3267 714 3349 curruque
733 3242 871 3320 volans
891 3241 957 3321 dat
975 3243 1058 3320 lora
1075 3241 1261 3324 secundo.
1375 3329 1379 3336 ⁸

251 3460 410 3543 Defessi
432 3464 658 3560 Aeneadae,
680 3491 781 3571 quae
801 3490 999 3571 proxuma
1016 3467 1143 3552 litora,
1165 3491 1282 3543 cursu

195 3574 460 3654 Contendunt
480 3597 630 3683 petere,
650 3595 691 3655 et
712 3576 864 3684 Libyae
881 3596 1090 3656 vertuntur
1104 3576 1153 3656 ad
1172 3603 1270 3655 oras.

195 3686 268 3765 Est
287 3687 331 3765 in
353 3713 505 3765 secessu
524 3690 646 3796 longo
665 3688 775 3768 locus
796 3715 806 3764 τ
837 3688 965 3765 insula
983 3709 1144 3795 portum

195 3798 335 3876 Efficit
354 3799 519 3877 obiectu
538 3799 721 3893 laterum,
742 3797 888 3906 quibus
908 3802 1036 3878 omnis
1054 3801 1103 3879 ab
1122 3801 1201 3878 alto

197 3908 418 4014 Frangitur
438 3911 564 4017 inque
583 3911 692 3991 sinus
711 3909 858 3988 scindit
877 3935 957 3988 sese
978 3912 1082 3989 unda
1102 3911 1284 3990 reductos
1302 3941 1312 4002 ;

196 4021 312 4099 Hinc
333 4040 454 4128 atque
477 4023 573 4100 hinc
593 4040 726 4101 vastae
746 4046 863 4128 rupes
883 4023 1113 4129 geminique
1132 4022 1338 4100 minantur

197 4132 245 4212 ln
268 4134 426 4211 caelum
447 4134 615 4241 scopuli,
637 4159 811 4241 quorum
831 4132 904 4210 sub
923 4135 1072 4211 vertice
1091 4135 1169 4212 late

199 4247 389 4352 Aequora
409 4264 497 4324 tuta
518 4245 635 4325 silent
654 4277 664 4339 ;
697 4264 785 4323 tum
805 4244 912 4322 silvis
932 4270 1068 4323 scaena
1088 4247 1258 4325 coruscis
