3584 4522
1530 344 1587 411 ,ΙΙ

182 469 466 576 Antiquasque
488 467 642 562 domos,
663 467 835 574 genitor,
856 492 980 573 quem
1002 466 1138 545 tollere
1157 466 1199 544 in
1220 464 1321 544 altos
1504 458 1587 569 635

184 582 393 690 Optabam
412 582 594 689 primum
614 598 772 659 montes
792 580 1054 687 primumque
1073 578 1272 687 petebam,

182 695 374 801 Abnegat
395 694 527 771 excisa
545 693 671 771 vitam
692 691 913 799 producere
931 691 1055 769 Troia

186 808 471 912 Exsiliumque
492 803 589 910 pati.
648 804 733 883 Vos
752 831 790 898 o,
810 803 957 910 quibus
976 803 1132 909 integer
1150 803 1238 880 aevi

185 920 368 1026 Sanguis,
388 919 457 1010 ait,
474 915 703 1023 solidaeque
722 941 793 994 suo
813 934 916 994 stant
936 913 1077 994 robore
1095 916 1210 1009 vires,

185 1032 272 1109 Vos
292 1031 441 1135 agitate
461 1025 612 1134 fugam.
1508 1019 1590 1122 640

189 1143 266 1222 Me
289 1143 321 1220 si
343 1141 552 1219 caelicolae
571 1140 788 1220 voluissent
808 1137 951 1217 ducere
971 1141 1110 1234 vitam,

189 1255 277 1332 Has
297 1251 401 1330 mihi
422 1271 636 1332 servassent
656 1250 775 1330 sedes.
835 1251 937 1329 Satis
958 1278 1038 1329 una
1056 1275 1253 1357 superque

186 1364 378 1443 Vidimus
398 1365 571 1443 exscidia
587 1383 626 1443 et
645 1383 783 1471 captae
803 1365 1076 1470 superavimus
1096 1360 1198 1441 urbi.

190 1477 256 1556 Sic
277 1505 316 1571 o,
337 1479 393 1556 sic
413 1478 591 1585 positum
612 1475 733 1555 adfati
755 1473 948 1554 discedite
969 1501 1123 1584 corpus.

191 1589 282 1694 lpse
303 1617 425 1668 manu
446 1608 619 1667 mortem
639 1590 842 1666 inveniam
863 1620 874 1682 ;
905 1588 1157 1666 miserebitur
1176 1584 1301 1665 hostis
1513 1581 1593 1685 645

195 1701 454 1808 Exuviasque
473 1720 584 1809 petet
604 1731 614 1793 ;
645 1697 771 1778 facilis
791 1701 943 1777 iactura
963 1699 1172 1807 sepulchri.
1568 1703 1570 1707 ’

192 1812 281 1891 Iam
300 1813 460 1920 pridem
481 1814 631 1890 invisus
651 1810 753 1889 divis
773 1830 813 1888 et
833 1812 988 1889 inutilis
1008 1836 1128 1889 annos

193 1925 410 2019 Demoror,
432 1951 482 2002 ex
504 1951 584 2031 quo
606 1950 671 2001 me
692 1922 830 2000 divom
850 1942 964 2030 pater
984 1941 1104 2029 atque
1124 1921 1340 1999 hominum
1360 1945 1431 1997 rex

195 2036 396 2114 Fulminis
417 2034 578 2114 adflavit
599 2037 728 2113 ventis
750 2054 789 2112 et
810 2036 984 2142 contigit
1004 2035 1102 2142 igni.

249 2316 367 2393 Talia
388 2313 585 2421 perstabat
606 2341 842 2408 memorans,
863 2311 1045 2422 fixusque
1065 2313 1261 2393 manebat.
1520 2306 1602 2414 650

198 2427 287 2506 Nos
309 2446 448 2504 contra
469 2425 584 2503 effusi
604 2427 778 2504 lacrimis
798 2428 1056 2533 coniunxque
1077 2427 1223 2505 Creusa

198 2540 478 2644 Ascaniusque
499 2532 708 2644 omnisque
729 2536 883 2633 domus,
903 2564 954 2616 ne
973 2557 1126 2617 vertere
1146 2564 1282 2616 secum

199 2653 359 2729 Cuncta
379 2667 492 2756 pater
512 2646 674 2756 fatoque
696 2651 885 2756 urguenti
906 2648 1139 2727 incumbere
1158 2650 1290 2726 vellet.

199 2763 404 2868 Abnegat,
427 2762 670 2869 inceptoque
691 2780 731 2838 et
751 2761 909 2840 sedibus
930 2761 1128 2873 haeret-in
1143 2759 1281 2839 isdem.

261 3041 414 3118 Rursus
435 3041 478 3116 in
499 3066 606 3117 arma
626 3037 744 3133 feror,
764 3059 1018 3147 mortemque
1037 3041 1282 3119 miserrimus
1302 3054 1414 3146 opto,
1530 3034 1554 3114 6
1560 3058 1581 3139 5
1587 3056 1609 3139 5

202 3151 315 3231 Nam
337 3150 448 3257 quod
471 3152 686 3229 consilium
706 3170 775 3229 aut
795 3178 897 3258 quae
917 3153 999 3231 iam
1019 3149 1178 3231 fortuna
1198 3151 1394 3231 dabatur?

203 3264 333 3343 Mene
354 3262 497 3339 efferre
517 3261 676 3370 pedem,
699 3263 869 3368 genitor,
891 3281 930 3341 te
950 3291 1062 3371 posse
1081 3265 1219 3343 relicto

204 3375 392 3481 Sperasti‚
414 3392 654 3480 tantumque
674 3372 781 3452 nefas
800 3378 932 3481 patrio
952 3375 1103 3454 excidit
1122 3401 1190 3454 ore
1208 3377 1222 3454 l

205 3486 245 3563 Si
268 3485 373 3563 nihil
394 3511 444 3562 ex
466 3504 576 3563 tanta
598 3486 759 3593 Superis
778 3487 910 3592 placet
931 3488 1028 3567 urbe
1048 3488 1235 3592 relinqui,

205 3598 259 3675 Et
279 3595 388 3674 sedet
409 3596 489 3674 hoc
510 3599 658 3691 animo,
679 3599 961 3705 perituraeque
982 3600 1123 3679 addere
1141 3598 1289 3677 Troiae
1532 3592 1613 3673 660

206 3709 351 3814 Teque
372 3726 541 3814 tuosque
562 3710 685 3804 iuvat,
705 3728 815 3816 patet
835 3711 900 3789 isti
921 3713 1037 3790 ianua
1056 3713 1150 3804 let0,

208 3820 378 3927 lamque
399 3818 526 3896 aderit
546 3822 675 3898 multo
699 3820 847 3898 Priami
869 3823 917 3900 de
937 3825 1127 3928 sanguine
1147 3820 1337 3930 Pyrrhus,

208 3932 393 4011 Gnatum
414 3948 505 4007 ante
526 3957 592 4008 ora
613 3933 747 4037 patris,
768 3951 925 4038 patrem
946 3936 1017 4040 qui
1038 3933 1249 4012 obtruncat
1269 3934 1319 4013 ad
1339 3961 1433 4014 aras.

209 4044 308 4121 Hoc
329 4060 427 4135 erat,
449 4043 553 4119 alma
572 4068 725 4149 parens,
747 4043 856 4148 quod
876 4070 942 4122 me
962 4072 1033 4151 per
1052 4047 1140 4139 tela,
1160 4072 1232 4155 per
1251 4047 1363 4153 ignes

209 4156 360 4262 Eripis,
382 4173 427 4231 ut
448 4153 591 4231 mediis
611 4153 768 4231 hostem
788 4156 829 4232 in
850 4157 1131 4262 penetralibus,
1151 4177 1278 4267 utque
1535 4154 1586 4235 66
1592 4178 1614 4260 5

209 4268 436 4346 Ascanium
457 4284 694 4373 patremque
714 4292 852 4344 meum
873 4269 1067 4375 iuxtaque
1088 4270 1278 4350 Creusam
