3584 4522
189 473 264 553 Fas
284 473 389 552 mibi
411 473 629 552 Graiorum
648 490 798 550 sacrata
815 472 1010 550 resolvere
1029 470 1128 565 iura,

190 585 265 665 Fas
286 586 414 665 odisse
433 587 552 678 viros,
572 603 694 691 atque
714 584 852 662 omnia
870 580 974 662 ferre
992 582 1065 662 sub
1085 608 1209 678 auras,

189 698 231 776 Si
253 726 332 805 qua
353 716 522 805 tegunt:
550 713 690 775 teneor
711 697 862 802 patriae
882 722 957 774 nec
976 694 1131 801 legibus
1151 694 1255 773 ullis.

186 810 255 889 Tu
275 808 398 888 modo
419 807 621 914 promissis
641 834 813 904 maneas,
833 826 1063 913 servataque
1083 833 1208 888 serves

186 922 312 1001 Troia
331 918 468 1015 fidem,
489 920 521 998 si
541 946 633 998 vera
654 917 792 1014 feram,
814 920 847 997 si
867 945 1015 1027 magna
1035 918 1263 1025 rependam.

246 1144 392 1224 Omnis
413 1167 500 1249 spes
522 1144 710 1223 Danaum
731 1161 771 1221 et
793 1143 928 1249 coepti
948 1139 1096 1221 fiducia
1116 1141 1208 1220 belli

189 1256 359 1336 Palladis
380 1255 540 1334 auxiliis
560 1282 716 1362 semper
736 1255 859 1334 stetit.
920 1253 1076 1361 impius
1097 1280 1146 1332 ex
1165 1280 1246 1361 quo

185 1367 365 1476 Tydides
386 1364 454 1444 sed
475 1368 585 1446 enim
605 1368 883 1473 scelerumque
903 1367 1087 1446 inventor
1108 1366 1259 1462 Ulixes,

187 1480 325 1559 Fatale
346 1478 519 1585 adgressi
539 1499 690 1558 sacrato
711 1481 880 1558 avellere
901 1480 1051 1587 templo

188 1591 429 1685 Palladium,
450 1592 569 1671 caesis
590 1619 769 1671 summae
790 1591 1022 1670 custodibus
1042 1593 1153 1687 arcis,

188 1704 432 1809 Corripuere
453 1729 604 1782 sacram
625 1704 814 1810 effigiem,
836 1703 1101 1810 manibusque
1120 1703 1291 1784 cruentis

188 1816 404 1923 Virgineas
424 1816 507 1893 ausi
529 1817 645 1894 divae
666 1817 902 1921 contingere
922 1817 1054 1910 vittas,

187 1929 253 2007 Ex
272 1929 345 2006 illo
365 1925 488 2006 fluere
508 1954 552 2006 ac
571 1948 678 2006 retro
698 1927 879 2032 sublapsa
898 1923 1034 2006 referri

187 2040 283 2147 Spes
303 2041 506 2135 Danaum,
528 2038 673 2119 fractae
692 2041 808 2134 vires,
830 2065 963 2118 aversa
984 2038 1077 2117 deae
1096 2065 1218 2134 mens.

187 2152 231 2230 N
234 2178 280 2230 ec
301 2150 434 2230 dubiis
455 2178 500 2230 ea
519 2153 634 2259 signa
653 2151 766 2231 dedit
783 2152 971 2231 Tritonia
991 2153 1190 2232 monstris.

185 2262 274 2341 Vix
293 2264 472 2369 positum
493 2265 628 2343 castris
648 2264 935 2343 simulacrum:
968 2290 1093 2343 arsere
1113 2291 1296 2344 coruscae

187 2375 431 2454 Luminibus
451 2373 634 2453 flammae
650 2378 824 2468 arrectis,
845 2377 1043 2482 salsusque
1064 2402 1134 2482 per
1153 2395 1259 2457 artus

188 2485 319 2564 Sudor
339 2487 401 2581 iit,
424 2506 564 2594 terque
584 2488 671 2594 ipsa
690 2485 1017 2566 solo—mirabile
1037 2488 1205 2566 dictu—

186 2597 382 2692 Emicuit,
404 2624 666 2706 parmamque
687 2596 816 2679 ferens
835 2597 1070 2706 hastamque
1090 2618 1340 2681 trementem.

186 2710 410 2816 Extemplo
432 2711 665 2817 temptanda
684 2707 780 2819 fuga
801 2712 910 2789 canit
929 2738 1100 2819 aequora
1120 2712 1299 2807 Calchas,

186 2822 230 2900 N
234 2847 279 2899 ec
299 2848 413 2927 posse
433 2822 639 2929 Argolicis
660 2823 839 2903 exscindi
861 2823 1057 2929 Pergama
1075 2824 1174 2920 telis,

187 2932 343 3013 Omina
363 2934 406 3011 ni
427 2954 610 3041 repetant
628 2937 765 3042 Argis,
786 2962 1019 3043 numenque
1039 2934 1240 3033 reducant,

187 3043 312 3131 Quod
332 3046 475 3154 pelago
496 3065 536 3124 et
555 3047 688 3126 curvis
707 3074 844 3127 secum
864 3073 1030 3125 avexere
1049 3049 1203 3128 carinis

186 3158 241 3236 Et
262 3185 383 3252 nunc,
406 3157 517 3265 quod
536 3160 683 3266 patrias
702 3179 826 3239 vento
845 3161 996 3267 petiere
1017 3159 1225 3268 Mycenas,

184 3271 314 3347 Arma
334 3268 509 3377 deosque
528 3291 668 3378 parant
687 3274 871 3367 comites,
891 3270 1116 3379 pelagoque
1135 3299 1314 3353 remenso

186 3380 404 3489 Improvisi
425 3381 604 3463 aderunt.
666 3383 730 3462 Ita
750 3383 901 3490 digerit
920 3385 1057 3462 omina
1076 3383 1253 3464 Calchas.

188 3492 312 3570 Hanc
332 3521 406 3599 pro
430 3494 606 3574 Palladio
627 3498 789 3591 moniti,
812 3522 886 3602 pro
906 3497 1073 3574 numine
1091 3498 1195 3576 laeso

186 3604 380 3710 Effigiem
401 3625 585 3704 statuere,
605 3605 712 3686 nefas
733 3635 835 3714 quae
856 3608 968 3687 triste
988 3609 1127 3715 piaret.

187 3715 311 3794 Hanc
333 3735 466 3795 tamen
487 3719 711 3799 inmensam
732 3721 901 3800 Calchas
921 3721 1099 3799 attollere
1119 3719 1266 3798 molem

186 3826 418 3906 Roboribus
439 3831 560 3908 textis
581 3832 772 3938 caeloque
794 3832 964 3910 educere
984 3832 1109 3925 iussit,

186 3939 253 4016 Ne
274 3939 400 4045 recipi
422 3942 562 4047 portis,
583 3961 652 4019 aut
672 3942 767 4021 duci
788 3944 831 4021 in
853 3944 1014 4020 moenia
1033 3962 1175 4049 posset,

183 4051 280 4129 Neu
301 4054 500 4156 populum
521 4055 686 4159 antiqua
706 4053 779 4132 sub
800 4054 995 4161 religione
1015 4054 1130 4132 tueri.

185 4162 296 4240 Nam
317 4163 348 4241 si
370 4182 499 4240 vestra
520 4192 659 4245 manus
680 4166 862 4244 violasset
883 4164 988 4243 dona
1009 4165 1233 4262 Minervae,

182 4275 295 4354 Tum
316 4301 513 4381 magnum
533 4277 878 4386 exitium—quod
898 4277 939 4354 di
960 4278 1069 4385 prius
1090 4306 1208 4358 omen
1228 4281 1271 4360 in
1291 4280 1425 4388 ipsum
1508 4305 1587 4384 190

860 4390 910 4446 ΑΟ
