3584 4522
362 437 421 514 At
443 435 649 544 Qa
667 462 791 516 novas
812 456 928 533 artes,
946 463 1050 515 nova
1068 454 1229 544 pectore
1248 451 1377 513 versat

306 547 498 643 Consilia,
519 569 565 627 ut
584 544 733 627 faciem
753 568 931 628 mutatus
950 570 990 628 et
1011 576 1079 628 ora
1100 546 1261 655 Cupido

306 659 386 738 Pro
407 662 518 739 dulci
539 660 718 738 Ascanio
736 663 885 757 veniat,
907 661 1101 767 donisque
1121 657 1321 738 furentem

306 771 501 851 Incendat
523 772 720 879 reginam,
740 793 861 881 atque
880 773 1031 853 ossibus
1050 772 1216 878 inplicet
1236 772 1406 876 ignem;
1630 757 1710 841 660

309 883 474 991 Quippe
495 883 665 963 domum
686 886 806 965 timet
825 886 1059 992 ambiguam
1078 884 1303 991 Tyriosque
1322 878 1524 987 bilingues
1544 904 1558 971 ;

308 995 406 1073 Urit
426 1016 542 1074 atrox
563 995 682 1091 Iuno,
703 1016 744 1076 et
763 997 838 1077 sub
857 1017 1019 1076 noctem
1039 1022 1134 1075 cura
1154 1012 1341 1073 recursat.

307 1108 418 1215 Ergo
439 1108 502 1186 his
521 1108 719 1216 aligerum
740 1108 858 1188 dictis
877 1106 1032 1187 adfatur
1051 1109 1246 1186 Amorem
1265 1133 1275 1183 ε

366 1398 490 1493 Nate,
508 1423 620 1485 meae
639 1397 758 1491 vires,
779 1422 869 1473 mea
887 1420 1033 1499 magna
1052 1393 1232 1500 potentia
1251 1392 1400 1503 solus,-

311 1511 434 1605 Nate,
456 1510 586 1588 Patris
606 1510 755 1587 summi
778 1508 847 1615 qui
869 1508 946 1585 tela
964 1505 1154 1613 Typhoia
1174 1504 1331 1599 temnis,

311 1622 379 1701 Ad
400 1643 440 1701 te
461 1619 658 1728 confugio
679 1640 720 1698 et
738 1620 909 1726 supplex
929 1638 998 1697 tua
1017 1620 1182 1695 numina
1201 1642 1335 1723 posco.

312 1734 451 1813 Frater
472 1752 517 1810 ut
536 1734 692 1811 Aeneas
714 1732 856 1838 pelago
877 1748 967 1808 tuus
986 1730 1121 1807 omnia
1141 1729 1295 1808 circum

313 1846 453 1924 Litora
473 1846 644 1922 iactetur
663 1841 767 1921 odiis
787 1841 954 1922 Iunonis
973 1841 1148 1935 acerbae,

313 1958 427 2035 Nota
442 1955 534 2050 tibi,
555 1976 596 2034 et
615 1973 750 2035 nostro
772 1953 935 2033 doluisti
955 1979 1069 2060 saepe
1090 1953 1238 2030 dolore.

314 2069 359 2146 N
361 2095 441 2145 unc
464 2066 680 2146 Phoenissa
700 2085 809 2145 tenet
832 2065 941 2146 Dido
960 2064 1194 2172 blandisque
1214 2080 1394 2141 moratur

318 2181 503 2258 Vocibus
521 2211 532 2275 ;
563 2198 605 2257 et
624 2205 780 2273 vereor,
802 2205 883 2285 quo
903 2204 944 2257 se
964 2176 1137 2256 Iunonia
1155 2194 1312 2256 vertant
1448 2262 1474 2285 Ἣ

317 2293 544 2398 Hospitia3
574 2290 685 2370 haud
706 2310 818 2370 tanto
838 2288 1005 2370 cessabit
1023 2288 1183 2395 cardine
1202 2314 1349 2369 rerum.
1430 2330 1436 2339 -
1462 2286 1482 2310 ”

317 2403 523 2489 Quocirca
542 2429 685 2510 capere
704 2422 796 2481 ante
816 2402 915 2481 dolis
936 2422 976 2480 et
995 2402 1158 2507 cingere
1176 2398 1337 2478 flamma

319 2514 525 2621 Reginam
544 2513 735 2609 meditor,
755 2541 806 2593 ne
826 2540 908 2621 quo
927 2539 968 2592 se
986 2514 1154 2590 numine
1172 2528 1315 2606 mutet,

317 2625 395 2705 Sed
415 2653 565 2733 magno
585 2625 748 2704 Aeneae
770 2652 932 2705 mecum
951 2643 1133 2703 teneatur
1153 2650 1299 2703 amore.

317 2738 412 2824 Qua
431 2736 563 2817 facere
582 2737 626 2816 id
645 2738 786 2845 possis,
806 2756 983 2815 nostram
1002 2762 1110 2815 nunc
1130 2736 1267 2843 accipe
1286 2750 1469 2812 mentem
1488 2756 1500 2809 ε

319 2849 474 2956 Regius
494 2851 628 2929 accitu
649 2850 732 2927 cari
752 2850 944 2955 genitoris
963 2847 1013 2926 ad
1032 2849 1175 2926 urbem

319 2961 530 3040 Sidoniam
549 2988 650 3068 puer
670 2962 730 3040 ire
748 2979 876 3068 parat,
895 2986 985 3039 mea
1003 2985 1191 3038 maxuma
1210 2984 1317 3054 cura,

319 3073 442 3152 Dona
460 3071 604 3167 ferens,
624 3075 769 3181 pelago
790 3093 830 3150 et
848 3070 1018 3152 flammis
1039 3070 1223 3151 restantia
1241 3071 1389 3149 Troiae
1405 3100 1417 3165 ;

321 3186 450 3263 Hunc
471 3212 548 3293 ego
567 3185 749 3291 sopitum
767 3210 908 3263 somno
927 3210 1045 3290 super
1059 3185 1137 3262 alta
1156 3182 1332 3290 Cythera

236 3332 240 3339 ·
321 3297 409 3375 Aut
428 3323 549 3404 super
569 3295 747 3376 Idalium
767 3316 918 3375 sacrata
936 3295 1027 3376 sede
1047 3295 1274 3389 recondam,

322 3408 390 3487 Ne
411 3436 491 3515 qua
511 3408 613 3487 scire
634 3407 745 3487 dolos
766 3406 971 3487 mediusve
990 3433 1197 3487 occurrere
1216 3406 1354 3514 possit.

317 3520 388 3597 Tu
407 3518 555 3599 faciem
575 3520 684 3599 illius
704 3537 868 3598 noctem
888 3547 969 3598 non
989 3520 1161 3626 amplius
1180 3545 1302 3597 unam

319 3631 432 3710 Falle
453 3632 561 3730 dolo,
583 3651 622 3711 et
643 3652 760 3710 notos
780 3633 896 3739 pueri
916 3659 1015 3739 puer
1034 3632 1157 3711 indue
1176 3632 1321 3723 voltus,

319 3742 395 3837 Ut,
416 3771 511 3823 cum
534 3764 574 3823 te
591 3745 750 3851 gremio
772 3746 944 3851 accipiet
963 3743 1178 3822 laetissima
1198 3741 1308 3821 Dido

319 3854 491 3961 Regales
512 3858 618 3934 inter
638 3883 794 3935 mensas
814 3857 1058 3963 laticemque
1079 3856 1275 3963 Lyaeum,

319 3967 429 4045 Cum
450 3967 563 4045 dabit
584 3968 795 4072 amplexus
814 3987 936 4073 atque
956 3968 1089 4045 oscula
1108 3968 1240 4045 dulcia
1257 3962 1369 4074 figet,

319 4079 543 4157 Occultum
559 4080 729 4185 inspires
749 4080 889 4186 ignem
909 4076 1099 4186 fallasque
1118 4105 1282 4157 veneno.
