3584 4522
207 435 365 513 Taurus
386 455 426 513 et
446 435 642 514 incertam
664 435 835 513 excussit
855 435 1009 513 cervice
1029 435 1216 514 securim.

210 546 269 624 At
289 549 442 653 gemini
462 549 575 653 lapsu
596 546 758 626 delubra
778 547 828 625 ad
847 574 1004 626 summa
1024 548 1211 625 dracones

210 658 425 767 Effugiunt
445 684 663 764 saevaeque
684 677 829 765 petunt
847 658 1071 737 Tritonidis
1092 685 1236 753 arcem,
1328 670 1331 676 ’

211 771 291 849 Sub
312 770 563 879 pedibusque
583 770 679 849 deae
699 771 898 877 clipeique
918 770 990 848 sub
1011 771 1105 849 orbe
1127 787 1331 877 teguntur.

266 996 377 1073 Tum
399 1019 494 1071 vero
517 991 749 1073 tremefacta
769 1021 892 1072 novus
912 1021 982 1101 per
1001 1011 1162 1101 pectora
1182 995 1335 1072 cunctis

211 1105 391 1185 Insinuat
411 1130 550 1212 pavor,
572 1124 611 1182 et
632 1109 755 1185 scelus
776 1107 1004 1215 expendisse
1025 1125 1246 1184 merentem

212 1220 444 1297 Laocoonta
463 1212 612 1314 ferunt,
633 1244 788 1296 sacrum
812 1220 882 1326 qui
903 1218 1064 1327 cuspide
1085 1217 1205 1296 robur

212 1330 388 1408 Laeserit
409 1347 448 1405 et
469 1348 581 1436 tergo
603 1331 829 1409 sceleratam
850 1331 1050 1409 intorserit
1066 1329 1232 1407 hastam.

269 1552 516 1630 Ducendum
536 1552 585 1631 ad
606 1555 714 1632 sedes
734 1557 991 1633 simulacrum
1012 1554 1239 1661 orandaque
1260 1553 1375 1630 divae

213 1665 397 1742 Numina
418 1665 683 1743 conclamant.

212 1777 446 1855 Dividimus
468 1804 604 1856 muros
625 1796 663 1854 et
684 1778 843 1856 moenia
862 1777 1072 1884 pandimus
1094 1776 1213 1855 urbis.

211 1891 447 1995 Accingunt
469 1915 606 1967 omnes
627 1890 754 1998 operi,
774 1887 1020 1997 pedibusque
1041 1907 1219 1966 rotarum

211 2001 443 2080 Subiiciunt
464 2003 608 2108 lapsus,
630 2021 669 2079 et
690 2019 855 2109 stuppea
874 2002 1035 2079 vincula
1059 1999 1163 2078 collo

212 2112 446 2191 Intendunt.
508 2113 670 2192 Scandit
689 2110 815 2192 fatalis
837 2112 1024 2191 machina
1044 2139 1191 2208 muros,

212 2225 310 2302 Feta
331 2226 462 2303 armis.
526 2225 645 2302 Pueri
667 2226 821 2304 circum
841 2226 1111 2334 innuptaeque
1133 2223 1286 2332 puellae

215 2337 330 2415 Sacra
352 2355 513 2431 canunt,
533 2332 754 2444 funemque
774 2364 895 2414 manu
914 2339 1144 2443 contingere
1166 2335 1354 2442 gaudent.

212 2448 285 2526 Illa
305 2446 424 2541 subit,
447 2447 681 2555 mediaeque
704 2450 857 2526 minans
877 2447 1067 2526 inlabitur
1087 2447 1188 2526 urbi.

212 2560 251 2640 O
274 2560 413 2667 patria,
435 2586 458 2636 0
479 2559 619 2638 divom
639 2558 779 2638 domus
801 2559 937 2654 Ilium,
959 2578 996 2637 et
1019 2560 1168 2637 incluta
1188 2558 1293 2651 bello

216 2672 387 2751 Moenia
409 2670 716 2751 Dardanidum!
748 2691 887 2779 quater
907 2674 992 2779 ipso
1013 2671 1055 2748 in
1075 2671 1216 2748 limine
1238 2688 1376 2777 portae

215 2784 414 2877 Substitit,
436 2803 556 2890 atque
576 2801 690 2862 utero
710 2784 886 2862 sonitum
908 2802 1046 2891 quater
1066 2809 1175 2861 arma
1194 2780 1338 2861 dedere
1359 2810 1370 2874 3

216 2895 414 2974 instamus
436 2914 572 2973 tamen
592 2896 833 2974 inmemores
854 2896 1042 3001 caecique
1061 2893 1206 2989 furore,

202 3009 272 3115 ,Et
291 3025 517 3086 monstrum
536 3003 677 3085 infelix
695 3026 843 3086 sacrata
862 3008 1036 3087 sistimus
1057 3033 1158 3085 arce.

216 3121 335 3198 Tunc
356 3121 479 3196 etiam
499 3114 590 3197 fatis
610 3121 737 3226 aperit
758 3120 970 3197 Cassandra
988 3115 1131 3197 futuris

182 3231 315 3338 {qOra,
339 3231 403 3309 dei
425 3232 534 3308 iussu
554 3257 635 3308 non
658 3257 852 3339 umquam
873 3231 1024 3309 credita
1041 3230 1219 3336 Teucris.

218 3343 306 3422 Nos
328 3341 492 3421 delubra
513 3341 633 3420 deum
653 3344 802 3437 miseri,
825 3343 969 3450 quibus
990 3342 1155 3420 ultimus
1176 3360 1274 3421 esset

219 3454 292 3533 Ille
313 3456 409 3549 dies,
431 3451 529 3533 festa
547 3456 724 3533 velamus
743 3451 883 3532 fronde
903 3481 973 3563 per
995 3452 1147 3532 urbem.
1219 3524 1222 3529 .

1289 3190 1328 3221 Q-

274 3678 459 3756 Vertitur
479 3679 629 3756 interea
649 3678 802 3756 eaelum
822 3696 861 3755 et
881 3679 961 3755 ruit
981 3703 1128 3756 oceano
1149 3676 1260 3768 Nox,

218 3788 434 3867 Involvens
456 3789 600 3868 umbra
621 3815 764 3895 magna
785 3809 1011 3894 terramque
1031 3789 1250 3895 polumque

218 3901 614 4010 Myrmidonumque
634 3902 743 3979 dolos
764 3934 774 3997 ;
805 3899 880 3978 fusi
901 3928 971 4007 per
991 3900 1148 3976 moenia
1166 3897 1316 3976 Teucri

218 4015 460 4094 Conticuere
483 4044 492 4107 ;
525 4039 643 4120 sopor
666 4008 783 4090 fessos
803 4012 1068 4118 conplectitur
1087 4028 1204 4086 artus.

216 4126 270 4204 Et
290 4128 371 4203 iam
386 4126 542 4230 Argiva
561 4122 735 4232 phalanx
754 4121 955 4201 instructis
975 4121 1138 4200 navibus
1154 4121 1236 4200 ibat

214 4239 253 4315 A
273 4237 453 4331 Tenedo,
477 4237 621 4315 tacitae
642 4261 713 4342 per
733 4237 860 4313 amica
881 4234 1038 4312 silentia
1057 4233 1169 4311 lunae

1317 3222 1502 3275 restes,
