3584 4522
197 406 377 516 Incipit,
399 411 554 515 PSVIVQ
574 425 756 521 templa&
764 425 1013 518 praevertere
1035 436 1175 521 amore
1196 500 1204 510 ,

207 520 296 600 Iam
316 522 477 630 pridem
497 520 641 600 resides
661 522 816 601 animos
837 522 1079 631 desuetaque
1100 523 1231 602 corda.

265 747 486 854 Postquam
506 744 637 853 prima
655 746 769 851 quies
789 745 930 854 epulis,
951 773 1186 855 mensaeque
1207 764 1396 843 remotae,

207 859 388 937 Crateras
409 883 577 964 magnos
597 874 777 937 statuunt
797 875 837 936 et
856 858 950 937 vina
971 878 1174 939 coronant.

205 972 273 1050 Fit
293 972 481 1079 strepitus
502 969 632 1065 tectis,
651 995 874 1077 vocemque
894 997 966 1079 per
985 973 1116 1077 ampla
1133 971 1314 1051 volutant
1525 997 1607 1082 725

202 1085 321 1164 Atria
342 1116 353 1178 ;
385 1081 612 1187 dependent
633 1080 771 1189 lychni
792 1082 1047 1189 laquearibus
1068 1084 1193 1163 aureis

203 1198 375 1290 Incensi,
398 1213 438 1272 et
459 1212 623 1273 noctem
641 1193 813 1273 flammis
832 1191 982 1273 funalia
1001 1196 1183 1274 vincunt.

203 1311 290 1388 Hic
312 1307 450 1414 regina
470 1332 635 1413 gravem
653 1309 825 1413 gemmis
846 1334 1022 1415 auroque
1042 1306 1226 1418 poposcit

202 1421 460 1529 inplevitque
482 1445 594 1497 mero
603 1394 806 1526 pateram,
827 1446 950 1526 quam
971 1421 1089 1501 Belus
1110 1441 1148 1500 et
1168 1445 1308 1498 omnes

203 1538 242 1614 A
264 1535 359 1613 Belo
380 1533 488 1609 soliti
510 1562 521 1626 3
552 1549 642 1610 tum
662 1527 765 1610 facta
785 1533 939 1611 silentia
959 1535 1073 1613 tectis
1092 1564 1103 1629 3
1524 1559 1608 1645 730

260 1757 461 1863 Iuppiter,
482 1753 708 1860 hospitibus
730 1780 824 1832 nam
842 1773 882 1832 te
902 1753 994 1834 dare
1013 1757 1100 1834 iura
1117 1756 1351 1863 loquuntur,

203 1870 331 1947 Hunc
351 1870 502 1946 laetum
521 1867 740 1974 Tyriisque
759 1865 868 1944 diem
885 1869 1090 1974 Troiaque
1110 1865 1298 1976 profectis

203 1983 297 2060 Esse
317 1981 429 2075 velis,
450 1997 684 2085 nostrosque
703 1976 822 2057 huius
843 1980 1070 2058 meminisse
1089 1981 1275 2060 minores.

200 2094 320 2172 Adsit
340 2092 518 2170 laetitiae
540 2089 717 2170 Bacchus
739 2091 864 2187 dator,
886 2111 925 2170 et
945 2091 1050 2171 bona
1071 2091 1173 2171 Iuno
1194 2124 1205 2188 ;

201 2208 255 2285 Et
275 2231 360 2299 vos,
382 2232 419 2299 0,
441 2220 619 2298 coetum,
637 2204 770 2311 Tyrii,
791 2203 984 2282 celebrate
1002 2201 1188 2284 faventes.

257 2429 391 2523 Dixit,
413 2447 453 2506 et
474 2428 516 2505 in
537 2453 716 2504 mensam
735 2427 901 2505 laticum
920 2427 1063 2507 libavit
1082 2426 1291 2523 honorem,

201 2542 435 2647 Primaque,
456 2539 596 2632 libato,
617 2563 775 2616 summo
794 2557 909 2617 tenus
930 2541 1066 2646 attigit
1087 2566 1182 2635 ore;

199 2656 311 2731 Tum
334 2652 465 2731 Bitiae
486 2650 597 2730 dedit
617 2649 858 2755 increpitans
879 2683 890 2746 ;
921 2652 989 2729 ille
1009 2652 1168 2760 inpiger
1187 2650 1319 2731 hausit

201 2766 467 2872 Spumantem
487 2781 678 2871 pateram,
699 2779 740 2841 et
759 2764 878 2871 pleno
897 2789 938 2841 se
957 2765 1109 2871 proluit
1129 2790 1252 2858 auro;

201 2878 296 2955 Post
317 2877 385 2955 alii
406 2900 602 2983 proceres.
1593 2962 1596 2970 ι

665 2983 830 3063 Cithara
850 2986 1017 3065 crinitus
1038 2985 1152 3096 Iopas
1518 3015 1602 3099 740

200 3101 392 3178 Personat
413 3116 560 3193 aurata,
581 3096 720 3176 docuit
739 3123 862 3203 quem
882 3125 1095 3178 maxumus
1114 3099 1239 3179 Atlas.

200 3212 288 3290 Hic
309 3212 418 3289 canit
438 3228 638 3288 errantem
658 3210 795 3288 lunam
814 3211 987 3317 solisque
1006 3211 1157 3291 labores
1175 3243 1185 3306 ;

200 3323 322 3402 Unde
341 3323 559 3401 hominum
579 3347 703 3427 genus
724 3339 763 3398 et
783 3322 952 3429 pecudes
970 3355 980 3419 3
1012 3323 1117 3402 unde
1135 3324 1266 3403 imber
1285 3340 1325 3402 et
1346 3322 1459 3431 ignes
1480 3354 1491 3419 3
1554 3334 1578 3422 J

202 3437 430 3514 Arcturum
450 3434 688 3542 pluviasque
710 3433 875 3540 Hyadas
895 3437 1154 3542 geminosque
1172 3435 1343 3514 Triones
1363 3465 1374 3530 ;
1587 3522 1590 3526 ,

199 3547 311 3633 Quid
331 3565 493 3624 tantum
514 3545 678 3625 Oceano
698 3567 913 3653 properent
933 3574 973 3626 se
993 3549 1176 3653 tinguere
1196 3547 1296 3626 soles
1513 3572 1595 3656 745

175 3732 179 3741 .
200 3659 393 3752 Hiberni,
413 3658 478 3737 vel
498 3684 601 3763 quae
622 3657 744 3735 tardis
764 3684 876 3736 mora
897 3659 1082 3739 noctibus
1102 3659 1243 3738 obstet.

199 3772 461 3880 Ingeminant
481 3770 624 3877 plausu
643 3769 773 3878 Tyrii,
792 3772 999 3878 Troesque
1019 3787 1250 3878 sequuntur.

257 3995 348 4073 Nec
369 4021 451 4072 non
473 4009 513 4072 et
531 3994 643 4071 vario
662 4009 825 4072 noctem
845 4019 1025 4072 sermone
1045 3991 1226 4071 trahebat
1353 4062 1355 4072 ,

199 4104 347 4187 Infelix
368 4106 493 4201 Dido,
513 4106 763 4213 longumque
783 4103 944 4184 bibebat
963 4131 1153 4201 amorem,

198 4220 336 4299 Multa
357 4245 476 4328 super
498 4218 658 4296 Priamo
680 4218 869 4323 rogitans,
890 4242 1008 4394 spper
1029 4217 1208 4296 Hectore
1228 4218 1383 4315 multa;
1516 4242 1598 4326 750

874 4355 890 4394 A
