3584 4522
191 458 447 567 Corripiunt‚
467 477 714 566 onerantque
733 484 829 538 auro
850 488 861 554 3
891 477 1102 566 portantur
1121 460 1228 540 avari

191 571 468 678 Pygmalionis
488 596 582 677 opes
603 572 742 678 pelago
759 601 770 666 ;
802 569 886 650 dux
904 570 1053 651 semina
1073 569 1180 652 facti.

189 682 402 762 Devenere
421 684 543 776 locos,
564 680 633 761 ubi
652 709 762 762 nunc
780 683 958 790 ingentia
978 684 1104 763 cernis

188 795 364 874 Moenia
383 814 694 902 surgentemque
713 822 839 874 novae
860 795 1119 903 Karthaginis
1139 824 1285 893 arcem,

189 908 452 1014 Mercatique
472 906 615 1001 solum,
636 903 732 986 facti
752 907 801 986 de
820 909 986 987 nomine
1007 908 1185 1017 Byrsam,

185 1022 367 1099 Taurino
388 1038 585 1125 quantum
604 1038 763 1125 possent
783 1019 1029 1099 circumdare
1050 1038 1176 1128 terg0.

189 1131 265 1211 Sed
285 1157 357 1209 vos
377 1132 450 1237 qui
470 1130 646 1226 tandem,
666 1129 811 1239 quibus
831 1151 900 1210 aut
918 1132 1079 1211 venistis
1099 1132 1148 1212 ab
1169 1134 1261 1229 oris,

189 1243 335 1329 Quove
357 1244 500 1321 tenetis
519 1243 596 1322 iter
615 1245 628 1322 l
688 1241 906 1329 Quaerenti
927 1242 1069 1323 talibus
1087 1245 1154 1323 ille

188 1356 396 1463 Suspirans
416 1356 582 1463 imoque
602 1355 760 1436 trahens
781 1383 803 1435 a
820 1374 983 1464 pectore
1001 1383 1144 1435 vocem
1164 1383 1174 1435 τ

247 1690 285 1770 O
310 1691 395 1786 dea,
417 1693 448 1771 si
469 1692 598 1799 prima
618 1711 799 1797 repetens
818 1690 866 1770 ab
887 1691 1042 1798 origine
1062 1718 1240 1800 pergam,

189 1802 245 1881 Et
265 1823 381 1883 vacet
401 1805 557 1882 annales
577 1819 804 1881 nostrorum
824 1802 959 1881 audire
980 1804 1175 1901 laborum,

188 1917 299 1993 Ante
321 1915 430 1993 diem
451 1917 582 1995 clauso
602 1934 802 2021 conponat
822 1914 976 2021 Vesper
996 1913 1187 2024 Olympo.

189 2026 278 2104 Nos
297 2027 424 2105 Troia
444 2026 621 2154 antiqua,
643 2026 675 2104 si
696 2045 837 2105 vestras
857 2023 960 2106 forte
980 2054 1050 2133 per
1069 2053 1179 2106 aures

187 2139 337 2217 Troiae
356 2165 505 2217 nomen
524 2138 587 2234 iit,
608 2136 761 2217 diversa
779 2164 850 2245 per
869 2164 1041 2246 aequora
1058 2157 1193 2218 vectos

190 2250 313 2328 Forte
334 2276 403 2328 sua
423 2249 587 2358 Libycis
606 2268 817 2356 tempestas
837 2250 992 2358 adpulit
1012 2252 1102 2331 oris.

190 2363 290 2441 Sum
311 2363 402 2468 pius
422 2363 589 2456 Aeneas,
611 2379 745 2468 raptos
766 2363 836 2470 qui
857 2389 907 2441 ex
927 2362 1041 2442 hoste
1062 2364 1226 2442 Penates

192 2475 328 2552 Classe
348 2472 455 2553 veho
474 2500 649 2568 mecum,
669 2470 775 2553 fama
793 2500 913 2582 super
933 2473 1091 2553 aethera
1110 2493 1240 2555 notus.

188 2585 349 2664 Italiam
370 2611 518 2693 quaero
538 2586 708 2692 patriam
727 2603 767 2664 et
786 2611 910 2692 genus
930 2584 978 2665 ab
1001 2587 1096 2666 Iove
1115 2613 1284 2666 summo.

190 2699 258 2776 Bis
278 2696 391 2776 denis
413 2695 641 2804 Phrygium
661 2697 872 2776 conscendi
893 2697 1057 2777 navibus
1076 2724 1235 2805 aequor,

189 2809 330 2889 Matre
350 2809 424 2888 dea
442 2827 686 2887 monstrante
704 2809 826 2904 viam,
847 2808 938 2887 data
955 2807 1035 2888 fata
1054 2827 1208 2889 secutus
1228 2841 1240 2906 ;

187 2920 273 2999 Vix
293 2939 448 3029 septem
468 2920 677 2999 convolsae
696 2919 813 3000 undis
833 2920 1023 3027 Euroque
1043 2938 1265 3030 supersunt.

187 3031 279 3140 Ipse
298 3034 475 3140 ignotus,
497 3058 628 3140 egens,
650 3030 802 3141 Libyae
822 3030 974 3112 deserta
992 3060 1172 3141 peragro,

187 3145 353 3252 Europa
371 3163 493 3252 atque
512 3145 609 3224 Asia
627 3144 774 3251 pulsus.
829 3144 873 3221 N
875 3171 920 3222 ec
940 3146 1053 3250 plura
1071 3162 1309 3252 querentem

186 3256 305 3336 Passa
324 3257 462 3335 Venus
482 3256 616 3335 medio
635 3256 694 3335 sic
712 3252 896 3336 interfata
916 3256 1050 3335 dolore
1070 3275 1154 3337 est:

244 3480 455 3588 Quisquis
457 3506 512 3579 es,
532 3479 654 3576 haud,
675 3479 838 3574 credo,
826 3480 976 3559 invisus
996 3480 1226 3560 caelestibus
1247 3503 1357 3557 auras

185 3593 341 3671 Vitales
362 3593 503 3699 carpis,
522 3593 692 3699 Tyriam
711 3619 782 3698 qur
770 3590 1006 3671 adveneris
1027 3592 1180 3671 urbem.

187 3705 314 3810 Perge
334 3705 471 3798 modo,
492 3725 612 3811 atque
633 3703 727 3783 hinc
747 3721 787 3781 te
806 3704 967 3811 reginae
987 3703 1034 3782 ad
1055 3704 1195 3781 limina
1214 3697 1357 3809 perfer.

186 3817 382 3922 Namque
402 3815 479 3894 tibi
500 3816 662 3895 reduces
682 3816 809 3894 socios
829 3816 1071 3922 classemque
1091 3816 1257 3893 relatam
1413 3818 1417 3826 “

187 3928 349 4006 Nuntio
370 3928 471 4005 etin
492 3946 628 4006 tutum
646 3927 766 4006 versis
786 3927 1038 4032 aquilonibus
1059 3943 1201 4020 actam,

186 4040 246 4117 Ni
268 4038 415 4117 frustra
434 4040 648 4144 augurium
667 4039 760 4116 vani
781 4037 953 4115 docuere
972 4057 1165 4144 parentes.

184 4152 334 4257 Aspice
356 4149 417 4229 bis
438 4175 549 4228 senos
568 4152 755 4229 laetantes
775 4151 936 4255 agmine
956 4175 1113 4257 cycnos,

184 4263 379 4343 Aetheria
399 4289 500 4370 quos
519 4263 624 4370 lapsa
644 4264 761 4369 plaga
781 4260 886 4340 Iovis
907 4261 983 4339 ales
1003 4280 1139 4369 aperto

859 4399 904 4438 oi
