3584 4522
183 461 285 558 Sint,
305 491 419 572 puer,
441 483 481 543 et
500 466 671 569 longum
690 460 997 541 Andromachae
1017 481 1210 543 testentur
1228 490 1424 561 amorem,

186 574 385 684 Coniugis
406 577 648 655 Hectoreae.
707 574 817 683 Cape
837 574 940 653 dona
959 593 1134 655 extrema
1153 595 1332 672 tuorum,

186 687 225 765 Ο
247 687 353 767 mihi
375 689 457 766 sola
477 687 558 765 mei
580 712 698 794 super
717 686 968 797 Astyanactis
986 688 1135 796 imago.

185 798 251 877 Sic
272 801 423 893 oculos,
443 800 500 878 sic
521 800 589 877 ille
609 825 761 894 manus,
783 801 838 879 sic
859 824 926 878 ora
944 795 1094 879 ferebat
1112 833 1122 898 ;

185 911 240 989 Et
260 938 369 990 nunc
390 912 546 1018 aequali
568 928 702 989 tecum
721 911 954 1019 pubesceret
975 936 1084 991 aevo.

241 1135 333 1214 Hos
356 1161 431 1242 ego
453 1134 677 1242 digrediens
696 1133 869 1214 lacrimis
890 1130 1048 1213 adfabar
1068 1134 1244 1215 obortis:

184 1245 326 1324 Vivite
346 1244 496 1341 felices,
519 1246 664 1354 quibus
685 1265 741 1325 est
760 1244 920 1325 fortuna
938 1264 1096 1353 peracta

185 1356 276 1435 Iam
296 1384 366 1437 sua
384 1390 395 1454 3
428 1386 498 1438 nos
520 1361 597 1437 alia
617 1385 666 1436 ex
687 1361 771 1437 aliis
792 1359 834 1436 in
854 1356 934 1435 fata
953 1386 1155 1438 vocamur.

185 1470 313 1549 Vobis
333 1488 447 1579 parta
469 1472 580 1578 quies
599 1502 609 1565 ;
640 1472 797 1548 nullum
817 1470 937 1548 maris
957 1497 1104 1577 aequor
1122 1470 1328 1565 arandum,

184 1582 296 1659 Arva
316 1611 448 1690 neque
469 1584 674 1661 Ausoniae
693 1608 847 1690 semper
868 1582 1046 1660 cedentia
1066 1602 1170 1661 retro

185 1693 438 1777 Quaerenda.
498 1695 691 1802 Effigiem
711 1695 866 1773 Xanthi
886 1695 1132 1801 Troiamque
1151 1694 1311 1791 videtis,

185 1805 323 1889 Quam
343 1825 495 1886 vestrae
515 1806 644 1886 fecere
665 1833 817 1901 manus,
838 1807 1081 1903 melioribus,
1103 1825 1213 1915 opto,

186 1918 406 2026 Auspiciis,
429 1937 469 1998 et
491 1946 591 2026 quae
612 1917 734 1997 fuerit
748 1920 881 1997 minus
902 1919 1019 1998 obvia
1040 1919 1184 1999 Graiis.

185 2028 226 2106 Si
250 2032 414 2136 quando
435 2030 643 2139 Thybrim
662 2032 874 2137 vicinaque
894 2029 1112 2139 Thybridis
1132 2057 1225 2109 arva

186 2139 345 2220 Intraro
367 2144 561 2250 gentique
581 2169 694 2220 meae
713 2142 803 2221 data
821 2144 981 2222 moenia
1000 2169 1172 2239 cernam,

187 2252 389 2360 Cognatas
411 2256 527 2334 urbes
549 2255 649 2332 olim
669 2254 917 2362 populosque
936 2256 1196 2362 propinquos,

186 2365 329 2473 Epiro,
352 2366 564 2475 Hesperia,
587 2365 732 2473 quibus
751 2364 861 2444 idem
881 2365 1088 2445 Dardanus
1107 2383 1246 2445 auctor

189 2478 328 2584 Atque
349 2479 461 2556 idem
482 2505 604 2573 casus,
626 2505 747 2556 unam
767 2475 956 2556 faciemus
977 2496 1186 2584 utramque

185 2590 357 2668 Troiam
377 2591 521 2669 animis
539 2621 550 2685 3
581 2608 740 2668 maneat
760 2607 910 2669 nostros
931 2615 974 2667 ea
995 2615 1088 2667 cura
1108 2606 1285 2697 nepotes.

246 2812 517 2891 Provehimur
535 2813 678 2921 pelago
697 2812 829 2891 vicina
850 2812 1046 2891 Ceraunia
1064 2814 1190 2909 iuxta,

189 2924 312 3002 Unde
332 2926 409 3003 iter
430 2924 592 3003 Italiam
612 2950 825 3030 cursusque
846 2924 1096 3003 brevissimus
1116 2924 1244 3004 undis.

188 3036 256 3115 Sol
277 3038 359 3114 ruit
378 3038 533 3115 interea
553 3055 593 3114 et
612 3053 767 3115 montes
786 3035 1021 3115 umbrantur
1041 3037 1166 3142 opaci.

188 3148 416 3227 Sternimur
435 3165 594 3256 optatae
615 3149 767 3255 gremio
790 3148 939 3226 telluris
959 3146 1006 3225 ad
1027 3147 1189 3244 undam,

187 3260 329 3338 Sortiti
350 3286 495 3355 remos,
511 3260 738 3368 passimque
758 3260 800 3339 in
820 3261 938 3339 litore
957 3260 1063 3338 sicco

189 3372 372 3480 Corpora
392 3398 576 3451 curamus
593 3401 604 3466 ;
635 3369 754 3451 fessos
773 3398 891 3480 sopor
910 3372 1059 3479 inrigat
1078 3388 1195 3451 artus.

246 3594 440 3674 Necdum
461 3597 601 3675 orbem
621 3594 803 3674 medium
823 3597 920 3675 Nox
939 3595 1048 3675 horis
1068 3611 1154 3673 acta
1173 3593 1359 3673 subibat:

190 3706 316 3785 Haud
337 3709 470 3814 segnis
490 3728 611 3786 strato
632 3709 759 3815 surgit
781 3709 987 3787 Palinurus
1008 3724 1047 3784 et
1067 3731 1203 3784 omnes

190 3819 387 3926 Explorat
407 3839 562 3913 ventos,
584 3839 704 3927 atque
723 3819 882 3899 auribus
902 3844 991 3896 aera
1010 3835 1142 3923 captat
1158 3846 1169 3911 ;

190 3931 328 4010 Sidera
348 3950 495 4009 cuncta
516 3950 628 4009 notat
649 3932 770 4009 tacito
790 3929 963 4009 labentia
984 3930 1105 4024 caelo,

189 4042 415 4121 Arcturum
435 4043 671 4150 pluviasque
693 4041 857 4150 Hyadas
879 4041 1140 4147 geminosque
1157 4040 1344 4140 Triones,

189 4157 492 4260 Armatumque
513 4182 609 4232 auro
630 4154 901 4260 circumspicit
922 4152 1085 4232 Oriona.

190 4268 412 4374 Postquam
432 4285 578 4345 cuncta
597 4264 708 4343 videt
729 4266 835 4343 caelo
856 4282 1034 4344 constare
1055 4290 1203 4361 sereno,

865 4402 878 4414 .
895 4376 938 4414 ‚t

1543 346 1592 414 111
