3584 4522
242 461 358 540 Paret
377 462 512 541 Amor
530 459 648 538 dictis
669 485 781 539 carae
796 458 1022 566 genetricis,
1042 476 1081 538 et
1101 460 1177 537 alas

182 573 326 669 Exuit,
348 593 387 653 et
408 599 543 681 gressu
562 568 739 678 gaudens
758 571 911 650 incedit
931 570 1021 650 Iuli.

183 686 243 764 At
263 687 400 764 Venus
422 686 597 763 Ascanio
618 682 818 791 placidam
838 709 909 791 per
929 682 1110 762 membra
1129 682 1309 789 quietem

186 797 357 905 inrigat,
379 818 418 876 et
438 793 572 875 fotum
593 796 747 903 gremio
768 795 840 874 dea
860 795 965 874 tollit
984 797 1025 873 in
1046 795 1144 873 altos

186 909 337 988 Idaliae
356 910 482 1004 lucos,
502 909 574 988 ubi
595 909 729 987 mollis
749 933 950 986 amaracus
970 908 1085 985 illum

188 1021 377 1100 Floribus
397 1041 438 1099 et
459 1021 569 1101 dulci
590 1018 791 1126 adspirans
812 1020 1078 1128 conplectitur
1097 1015 1252 1096 umbra.

246 1244 417 1350 Iamque
437 1243 522 1323 ibat
541 1243 652 1324 dicto
674 1271 813 1352 parens
835 1260 875 1321 et
895 1241 998 1320 dona
1019 1241 1178 1348 Cupido

191 1356 321 1463 Regia
341 1358 527 1464 portabat
546 1357 698 1466 Tyriis,
719 1356 820 1435 duce
841 1358 964 1434 laetus
982 1353 1153 1433 Achate.

191 1471 301 1547 Cum
323 1470 448 1565 venit,
469 1469 614 1547 aulaeis
633 1471 716 1547 iam
737 1495 776 1547 se
798 1469 934 1575 regina
953 1465 1129 1574 superbis

191 1583 326 1659 Aurea
346 1582 560 1688 conposuit
580 1579 732 1687 sponda
752 1580 1008 1686 mediamque
1027 1577 1186 1658 locavit.

192 1693 281 1771 Iam
302 1712 416 1799 pater
436 1694 592 1770 Aeneas
613 1711 654 1770 et
674 1693 755 1770 iam
774 1691 949 1770 Troiana
968 1692 1152 1770 iuventus

193 1806 471 1897 Conveniunt,
492 1822 696 1911 stratoque
717 1830 833 1910 super
853 1802 1117 1882 discumbitur
1136 1819 1258 1880 ostro.

193 1918 306 1996 Dant
326 1916 511 1994 manibus
531 1912 673 1994 famuli
692 1915 889 2107 lpmphas,
911 1915 1175 2020 Cereremque
1196 1910 1377 1992 canistris

197 2028 451 2133 Expediunt‚
473 2028 676 2135 tonsisque
712 2048 829 2106 erunt
849 2026 1173 2106 manteliavillis.

194 2140 505 2246 Quinquaginta
525 2141 633 2218 intus
652 2137 838 2235 famulae,
857 2139 1003 2247 quibus
1022 2137 1162 2218 ordine
1181 2137 1346 2243 longam

194 2254 303 2330 Cura
324 2277 477 2358 penum
496 2270 657 2347 struere,
679 2272 718 2331 et
736 2249 906 2331 flammis
927 2251 1081 2330 adolere
1104 2251 1266 2330 Penates
1283 2281 1294 2346 3

197 2366 374 2441 Centum
394 2364 494 2442 aliae
515 2364 767 2470 totidemque
787 2390 898 2471 pares
918 2382 1044 2442 aetate
1063 2361 1252 2458 ministri,

196 2476 281 2561 Qui
303 2475 473 2581 dapibus
492 2502 645 2555 mensas
666 2495 829 2554 onerent
850 2494 890 2553 et
909 2475 1052 2583 pocula
1072 2494 1233 2582 ponant.

196 2589 240 2665 N
244 2615 289 2665 ec
310 2614 391 2666 non
413 2607 453 2665 et
471 2588 589 2694 Tyrii
610 2614 680 2694 per
697 2588 836 2665 limina
855 2587 956 2666 laeta
975 2585 1199 2695 frequentes

200 2700 454 2794 Convenere,
475 2702 573 2778 toris
593 2701 687 2779 iussi
707 2697 957 2779 discumbere
976 2699 1106 2806 pictis.

199 2811 409 2889 Mirantur
430 2810 535 2890 dona
554 2813 725 2907 Aeneae,
745 2812 944 2890 mirantur
964 2810 1099 2890 Iulum

199 2922 512 3030 Flagrantesque
532 2924 596 3003 dei
616 2923 746 3002 voltus
767 2923 1028 3029 simulataque
1047 2923 1180 3018 verba,

201 3035 436 3142 Pallamque
457 3054 497 3113 et
515 3036 675 3143 pictum
695 3061 834 3115 croceo
854 3037 1036 3113 velamen
1056 3034 1237 3115 acantho.

260 3368 482 3475 Praecipue
502 3365 658 3465 infelix,
679 3371 779 3478 pesti
799 3371 941 3451 devota
959 3368 1127 3465 futurae,

202 3479 371 3586 Expleri
392 3499 571 3559 mentem
591 3483 732 3589 nequit
751 3482 998 3590 ardescitque
1018 3481 1165 3561 tuendo

204 3590 434 3688 Phoenissa,
456 3611 495 3670 et
515 3594 663 3699 pariter
682 3622 806 3702 puero
827 3595 1019 3701 donisque
1038 3612 1235 3673 movetur.

202 3701 275 3780 Ille
297 3703 367 3781 ubi
388 3705 590 3811 conplexu
610 3707 769 3784 Aeneae
790 3709 971 3814 colloque
990 3706 1181 3814 pependit

204 3814 259 3892 Et
280 3841 477 3921 magnum
496 3813 580 3895 falsi
601 3817 771 3923 inplevit
791 3819 981 3925 genitoris
1001 3844 1192 3913 amorem,

207 3927 411 4033 Reginam
431 3929 545 4032 petit.
605 3929 722 4008 Haec
743 3931 882 4025 oculis,
904 3929 1001 4009 haec
1021 3948 1182 4036 pectore
1203 3945 1289 4007 toto

207 4037 364 4116 Haeret
384 4057 424 4115 et
447 4038 651 4117 interdum
671 4043 824 4146 gremio
845 4039 968 4136 fovet,
988 4041 1111 4120 inscia
1132 4040 1254 4138 Dido,

207 4149 360 4229 Insidat
382 4146 743 4256 quantus'‘miserae'
757 4152 865 4232 deus.
924 4156 982 4232 At
1001 4179 1156 4231 memor
1175 4153 1242 4231 ille

207 4262 358 4340 Matris
378 4261 588 4342 Acidaliae
609 4267 802 4370 paulatim
824 4265 979 4344 abolere
1001 4264 1223 4373 Sychaeum

882 4405 924 4438 ΔΑ
