3584 4522
1580 309 1616 377 11

203 429 320 507 Sacra
340 456 463 507 manu
483 428 691 535 victosque
710 425 803 505 deos
823 452 1077 534 parvumque
1098 443 1290 532 nepotem
1469 492 1471 496 .
1526 451 1609 534 320

201 540 293 649 Ipse
314 541 452 638 trahit,
473 566 670 647 cursuque
690 565 823 618 amens
844 537 893 616 ad
913 539 1056 618 limina
1077 539 1223 618 tendit.

260 792 356 877 Quo
379 818 436 868 res
457 815 613 868 summa
632 789 732 886 loco,
758 788 950 867 Panthu?
981 815 1105 894 quam
1126 786 1359 894 prendimus
1379 788 1546 866 arcem?

200 902 290 984 Vix
310 931 356 982 ea
375 901 478 980 fatus
498 927 620 995 eram,
641 902 796 1009 gemitu
817 927 913 979 cum
934 901 1029 980 talia
1050 899 1210 981 reddit:

259 1151 387 1229 Venit
411 1176 568 1227 summa
587 1148 669 1227 dies
690 1167 728 1227 et
748 1148 1008 1228 ineluctabile
1029 1167 1188 1256 tempus

202 1263 443 1342 Dardaniae.
505 1261 672 1339 Fuimus
692 1263 830 1354 Troes,
852 1260 930 1339 fuit
951 1260 1074 1339 Ilium
1095 1279 1136 1338 et
1155 1261 1296 1366 ingens

203 1375 345 1454 Gloria
366 1375 619 1450 Teucrorum
639 1406 649 1468 ;
680 1371 785 1452 ferus
805 1375 942 1453 omnia
963 1372 1148 1481 Iuppiter
1169 1374 1303 1479 Argos

199 1485 453 1565 Transtulit:
487 1486 644 1562 incensa
665 1485 795 1564 Danai
816 1485 1075 1564 dominantur
1096 1487 1137 1563 in
1159 1484 1267 1566 urbe.

200 1598 365 1676 Arduus
386 1616 558 1673 armatos
578 1596 720 1674 mediis
741 1598 782 1675 in
804 1597 1015 1676 moenibus
1036 1598 1189 1676 adstans

203 1710 357 1788 Fundit
379 1734 517 1815 equus,
538 1709 750 1813 victorque
770 1709 892 1787 Sinon
915 1711 1104 1788 incendia
1124 1710 1266 1787 miscet

203 1820 419 1900 Insultans.
477 1822 606 1899 Portis
627 1821 694 1898 alii
715 1818 987 1928 bipatentibus
1008 1822 1163 1915 adsunt,

201 1933 330 2013 Milia
350 1953 452 2039 quot
472 1933 626 2039 magnis
646 1958 840 2039 umquam
859 1959 1005 2011 venere
1026 1933 1216 2042 Mycenis
1233 1965 1244 2030 3

203 2045 408 2125 Obsedere
429 2047 498 2123 alii
520 2046 607 2123 telis
627 2064 790 2152 angusta
809 2046 967 2123 viarum

202 2155 396 2265 Oppositi
416 2190 426 2253 ;
458 2175 534 2235 stat
554 2154 647 2234 ferri
668 2159 770 2236 acies
790 2184 984 2236 mucrone
1004 2183 1169 2236 corusco

202 2269 362 2365 Stricta,
383 2287 519 2376 parata
539 2269 628 2345 neci
646 2299 657 2362 ;
687 2269 759 2346 vix
777 2271 901 2376 primi
923 2270 1076 2377 proelia
1095 2285 1295 2377 temptant

201 2381 416 2459 Portarum
437 2381 591 2486 vigiles,
613 2398 652 2459 et
671 2406 789 2460 caeco
810 2381 948 2460 Marte
969 2381 1168 2460 resistunt.

256 2620 425 2700 Talibus
447 2618 680 2728 Othryadae
700 2619 818 2699 dictis
838 2640 879 2699 et
898 2622 1067 2699 numine
1087 2621 1227 2700 divom

201 2731 250 2812 In
271 2729 452 2811 flammas
473 2750 513 2810 et
532 2733 575 2810 in
596 2758 706 2810 arma
724 2728 843 2828 feror,
864 2759 948 2840 quo
968 2733 1089 2812 tristis
1109 2732 1269 2842 Erinys,

201 2844 297 2929 Quo
318 2841 503 2923 fremitus
523 2862 639 2923 vocat
659 2861 698 2921 et
717 2843 890 2923 sublatus
911 2844 961 2924 ad
981 2843 1142 2924 aethera
1162 2847 1324 2926 clamor.

201 2954 375 3035 Addunt
396 2982 436 3034 se
457 2957 585 3035 socios
607 2955 789 3063 Rhipeus
810 2975 850 3036 et
870 2983 1084 3036 maxumus
1104 2958 1223 3036 armis

200 3068 374 3177 Epytus,
397 3067 523 3147 oblati
543 3094 614 3175 per
632 3067 782 3160 lunam,
804 3069 1073 3177 Hypanisque
1094 3071 1342 3178 Dymasque,

199 3179 256 3258 Et
274 3180 389 3258 lateri
411 3177 686 3288 adglomerant
704 3198 854 3277 nostro,
875 3181 1112 3288 iuvenisque
1134 3180 1354 3276 Coroebus,

200 3289 494 3399 Mygdonides.
553 3290 639 3369 Illis
658 3289 707 3369 ad
724 3292 893 3370 Troiam
912 3289 1016 3371 forte
1037 3290 1178 3371 diebus

199 3402 391 3498 Venerat,
413 3403 550 3482 insano
571 3401 808 3482 Cassandrae
828 3404 1011 3483 incensus
1031 3430 1180 3498 amore,

200 3513 255 3592 Et
275 3540 399 3621 gener
420 3516 616 3594 auxilium
637 3515 795 3594 Priamo
818 3513 1128 3624 Phrygibusque
1147 3512 1315 3612 ferebat,

90 3665 95 3678 ι
198 3623 362 3720 Infelix,
385 3629 558 3732 quinon
579 3652 742 3733 sponsae
760 3648 973 3736 praecepta
992 3626 1161 3708 furentis

194 3736 400 3816 Audierit.

254 3978 368 4063 Quos
389 3978 461 4056 ubi
482 3976 680 4057 confertos
700 3978 843 4057 audere
862 3980 906 4057 in
927 3980 1078 4086 proelia
1097 3979 1197 4075 vidi,

197 4089 359 4196 Incipio
381 4115 498 4197 super
517 4090 604 4168 his:
638 4089 818 4186 Iuvenes,
838 4088 1054 4170 fortissima
1073 4089 1219 4170 frustra

196 4203 382 4297 Pectora,
404 4203 436 4280 si
456 4200 571 4280 vobis
592 4200 805 4281 audentem
825 4221 1007 4282 extrema
1026 4203 1177 4310 cupido
