<?xml version="1.0" encoding="UTF-8"?>
<!DOCTYPE html PUBLIC "-//W3C//DTD XHTML 1.0 Transitional//EN"
    "http://www.w3.org/TR/xhtml1/DTD/xhtml1-transitional.dtd">
<html xmlns="http://www.w3.org/1999/xhtml" xml:lang="en" lang="en">
 <head>
  <title>
</title>
<meta http-equiv="Content-Type" content="text/html;charset=utf-8" />
  <meta name='ocr-system' content='tesseract 3.04.00' />
  <meta name='ocr-capabilities' content='ocr_page ocr_carea ocr_par ocr_line ocrx_word'/>
</head>
<body>
  <div class='ocr_page' id='page_1' title='image "aeneidvirgil00billgoog_0172.png"; bbox 0 0 3584 4522; ppageno 0'>
   <div class='ocr_carea' id='block_1_1' title="bbox 917 114 1215 311">
    <p class='ocr_par' dir='ltr' id='par_1_1' title="bbox 917 114 1215 311">
     <span class='ocr_line' id='line_1_1' title="bbox 917 114 1215 311; baseline -0.02 0"><span class='ocrx_word' id='word_1_1' title='bbox 917 114 1087 311; x_wconf 37' lang='lat' dir='ltr'>tls»,</span> <span class='ocrx_word' id='word_1_2' title='bbox 1208 262 1215 269; x_wconf 90' lang='lat'><em>·</em></span> 
     </span>
    </p>
   </div>
   <div class='ocr_carea' id='block_1_2' title="bbox 280 349 1446 1265">
    <p class='ocr_par' dir='ltr' id='par_1_2' title="bbox 281 349 1446 569">
     <span class='ocr_line' id='line_1_2' title="bbox 281 349 1446 436; baseline 0.008 -9"><span class='ocrx_word' id='word_1_3' title='bbox 281 349 394 436; x_wconf 92' lang='lat' dir='ltr'>Quid</span> <span class='ocrx_word' id='word_1_4' title='bbox 414 349 611 430; x_wconf 89' lang='lat' dir='ltr'>delubra</span> <span class='ocrx_word' id='word_1_5' title='bbox 598 352 769 430; x_wconf 78' lang='lat' dir='ltr'>iuvant?</span> <span class='ocrx_word' id='word_1_6' title='bbox 827 350 899 430; x_wconf 89' lang='lat' dir='ltr'>Est</span> <span class='ocrx_word' id='word_1_7' title='bbox 919 350 1056 430; x_wconf 74' lang='lat' dir='ltr'>molles</span> <span class='ocrx_word' id='word_1_8' title='bbox 1075 349 1234 433; x_wconf 88' lang='lat' dir='ltr'>flamma</span> <span class='ocrx_word' id='word_1_9' title='bbox 1252 379 1318 433; x_wconf 90' lang='lat' dir='ltr'>me</span> <span class='ocrx_word' id='word_1_10' title='bbox 1347 354 1446 435; x_wconf 86' lang='lat' dir='ltr'>ullas</span> 
     </span>
     <span class='ocr_line' id='line_1_3' title="bbox 281 462 1270 583; baseline 0.005 -42"><span class='ocrx_word' id='word_1_11' title='bbox 281 462 452 559; x_wconf 83' lang='lat' dir='ltr'>Interea,</span> <span class='ocrx_word' id='word_1_12' title='bbox 474 484 514 542; x_wconf 97' lang='lat' dir='ltr'>et</span> <span class='ocrx_word' id='word_1_13' title='bbox 535 466 704 544; x_wconf 91' lang='lat' dir='ltr'>tacitum</span> <span class='ocrx_word' id='word_1_14' title='bbox 724 462 826 541; x_wconf 88' lang='lat' dir='ltr'>vivit</span> <span class='ocrx_word' id='word_1_15' title='bbox 845 463 916 543; x_wconf 90' lang='lat' dir='ltr'>sub</span> <span class='ocrx_word' id='word_1_16' title='bbox 936 482 1103 571; x_wconf 84' lang='lat' dir='ltr'>pectore</span> <span class='ocrx_word' id='word_1_17' title='bbox 1116 468 1270 583; x_wconf 79' lang='lat' dir='ltr'>volnus.</span> 
     </span>
    </p>

    <p class='ocr_par' dir='ltr' id='par_1_3' title="bbox 283 573 1102 691">
     <span class='ocr_line' id='line_1_4' title="bbox 283 573 1102 691; baseline 0.001 -38"><span class='ocrx_word' id='word_1_18' title='bbox 283 574 428 654; x_wconf 93' lang='lat' dir='ltr'>Uritur</span> <span class='ocrx_word' id='word_1_19' title='bbox 448 573 591 655; x_wconf 84' lang='lat' dir='ltr'>infelix</span> <span class='ocrx_word' id='word_1_20' title='bbox 611 574 722 654; x_wconf 93' lang='lat' dir='ltr'>Dido</span> <span class='ocrx_word' id='word_1_21' title='bbox 742 593 916 691; x_wconf 92' lang='lat' dir='ltr'>totaque</span> <span class='ocrx_word' id='word_1_22' title='bbox 923 594 1102 680; x_wconf 89' lang='lat' dir='ltr'>vagatur</span> 
     </span>
    </p>

    <p class='ocr_par' dir='ltr' id='par_1_4' title="bbox 282 685 1223 815">
     <span class='ocr_line' id='line_1_5' title="bbox 282 685 1223 815; baseline 0.003 -51"><span class='ocrx_word' id='word_1_23' title='bbox 282 686 397 767; x_wconf 84' lang='lat' dir='ltr'>Urbe</span> <span class='ocrx_word' id='word_1_24' title='bbox 416 685 566 782; x_wconf 89' lang='lat' dir='ltr'>furens,</span> <span class='ocrx_word' id='word_1_25' title='bbox 587 687 721 815; x_wconf 88' lang='lat' dir='ltr'>qualis</span> <span class='ocrx_word' id='word_1_26' title='bbox 733 689 913 766; x_wconf 91' lang='lat' dir='ltr'>coniecta</span> <span class='ocrx_word' id='word_1_27' title='bbox 934 713 1048 781; x_wconf 84' lang='lat' dir='ltr'>cerva</span> <span class='ocrx_word' id='word_1_28' title='bbox 1057 688 1223 794; x_wconf 92' lang='lat' dir='ltr'>sagitta,</span> 
     </span>
    </p>

    <p class='ocr_par' dir='ltr' id='par_1_5' title="bbox 281 798 1377 1019">
     <span class='ocr_line' id='line_1_6' title="bbox 281 798 1377 910; baseline 0.001 -33"><span class='ocrx_word' id='word_1_29' title='bbox 281 798 418 885; x_wconf 92' lang='lat' dir='ltr'>Quam</span> <span class='ocrx_word' id='word_1_30' title='bbox 438 799 614 907; x_wconf 93' lang='lat' dir='ltr'>procul</span> <span class='ocrx_word' id='word_1_31' title='bbox 602 817 807 877; x_wconf 75' lang='lat' dir='ltr'>incautam</span> <span class='ocrx_word' id='word_1_32' title='bbox 825 824 988 878; x_wconf 91' lang='lat' dir='ltr'>nemora</span> <span class='ocrx_word' id='word_1_33' title='bbox 1007 798 1110 877; x_wconf 92' lang='lat' dir='ltr'>inter</span> <span class='ocrx_word' id='word_1_34' title='bbox 1131 800 1267 881; x_wconf 89' lang='lat' dir='ltr'>Cresia</span> <span class='ocrx_word' id='word_1_35' title='bbox 1285 798 1377 910; x_wconf 77' lang='lat' dir='ltr'>fixit</span> 
     </span>
     <span class='ocr_line' id='line_1_7' title="bbox 283 898 1247 1019; baseline 0.003 -30"><span class='ocrx_word' id='word_1_36' title='bbox 283 911 422 1009; x_wconf 90' lang='lat' dir='ltr'>Pastor</span> <span class='ocrx_word' id='word_1_37' title='bbox 441 937 561 1019; x_wconf 90' lang='lat' dir='ltr'>agens</span> <span class='ocrx_word' id='word_1_38' title='bbox 582 911 683 1011; x_wconf 84' lang='lat' dir='ltr'>telis,</span> <span class='ocrx_word' id='word_1_39' title='bbox 701 898 902 1019; x_wconf 85' lang='lat' dir='ltr'>liquitque</span> <span class='ocrx_word' id='word_1_40' title='bbox 921 911 1079 990; x_wconf 93' lang='lat' dir='ltr'>volatile</span> <span class='ocrx_word' id='word_1_41' title='bbox 1098 908 1247 992; x_wconf 90' lang='lat' dir='ltr'>ferrum</span> 
     </span>
    </p>

    <p class='ocr_par' dir='ltr' id='par_1_6' title="bbox 280 1018 1252 1215">
     <span class='ocr_line' id='line_1_8' title="bbox 281 1018 1252 1130; baseline 0.001 -28"><span class='ocrx_word' id='word_1_42' title='bbox 281 1024 325 1102; x_wconf 96' lang='lat' dir='ltr'>N</span> <span class='ocrx_word' id='word_1_43' title='bbox 328 1050 485 1116; x_wconf 89' lang='lat' dir='ltr'>escrus</span> <span class='ocrx_word' id='word_1_44' title='bbox 517 1023 585 1100; x_wconf 91' lang='lat' dir='ltr'>illa</span> <span class='ocrx_word' id='word_1_45' title='bbox 604 1018 700 1129; x_wconf 86' lang='lat' dir='ltr'>fuga</span> <span class='ocrx_word' id='word_1_46' title='bbox 720 1025 835 1102; x_wconf 90' lang='lat' dir='ltr'>silvas</span> <span class='ocrx_word' id='word_1_47' title='bbox 854 1024 1050 1129; x_wconf 88' lang='lat' dir='ltr'><strong>saltusque</strong></span> <span class='ocrx_word' id='word_1_48' title='bbox 1069 1042 1252 1130; x_wconf 83' lang='lat' dir='ltr'>peragrat</span> 
     </span>
     <span class='ocr_line' id='line_1_9' title="bbox 280 1132 1134 1265; baseline -0.002 -51"><span class='ocrx_word' id='word_1_49' title='bbox 280 1136 503 1259; x_wconf 84' lang='lat' dir='ltr'>Dictae0s3</span> <span class='ocrx_word' id='word_1_50' title='bbox 535 1132 673 1265; x_wconf 87' lang='lat' dir='ltr'>haeret</span> <span class='ocrx_word' id='word_1_51' title='bbox 691 1136 804 1251; x_wconf 91' lang='lat' dir='ltr'>lateri</span> <span class='ocrx_word' id='word_1_52' title='bbox 825 1135 962 1213; x_wconf 91' lang='lat' dir='ltr'>letalis</span> <span class='ocrx_word' id='word_1_53' title='bbox 971 1134 1134 1246; x_wconf 82' lang='lat' dir='ltr'>arundo.</span> 
     </span>
    </p>
   </div>
   <div class='ocr_carea' id='block_1_3' title="bbox 278 1357 1371 2249">
    <p class='ocr_par' dir='ltr' id='par_1_7' title="bbox 279 1357 1371 1690">
     <span class='ocr_line' id='line_1_10' title="bbox 336 1357 1371 1464; baseline 0.001 -26"><span class='ocrx_word' id='word_1_54' title='bbox 336 1360 463 1438; x_wconf 95' lang='lat' dir='ltr'>Nunc</span> <span class='ocrx_word' id='word_1_55' title='bbox 482 1357 617 1436; x_wconf 90' lang='lat' dir='ltr'>media</span> <span class='ocrx_word' id='word_1_56' title='bbox 637 1359 801 1437; x_wconf 90' lang='lat' dir='ltr'>Aenean</span> <span class='ocrx_word' id='word_1_57' title='bbox 821 1384 956 1437; x_wconf 92' lang='lat' dir='ltr'>secum</span> <span class='ocrx_word' id='word_1_58' title='bbox 976 1385 1047 1464; x_wconf 90' lang='lat' dir='ltr'>per</span> <span class='ocrx_word' id='word_1_59' title='bbox 1066 1360 1225 1438; x_wconf 91' lang='lat' dir='ltr'>moenia</span> <span class='ocrx_word' id='word_1_60' title='bbox 1244 1358 1371 1455; x_wconf 91' lang='lat' dir='ltr'>ducit,</span> 
     </span>
     <span class='ocr_line' id='line_1_11' title="bbox 279 1470 1316 1578; baseline 0 -28"><span class='ocrx_word' id='word_1_61' title='bbox 279 1471 543 1577; x_wconf 84' lang='lat' dir='ltr'>Sidoniasque</span> <span class='ocrx_word' id='word_1_62' title='bbox 564 1488 737 1549; x_wconf 89' lang='lat' dir='ltr'>ostentat</span> <span class='ocrx_word' id='word_1_63' title='bbox 757 1496 851 1578; x_wconf 90' lang='lat' dir='ltr'>opes</span> <span class='ocrx_word' id='word_1_64' title='bbox 870 1470 1091 1578; x_wconf 89' lang='lat' dir='ltr'>urbemque</span> <span class='ocrx_word' id='word_1_65' title='bbox 1110 1490 1289 1577; x_wconf 91' lang='lat' dir='ltr'>paratam</span> <span class='ocrx_word' id='word_1_66' title='bbox 1306 1504 1316 1567; x_wconf 93' lang='grc'>;</span> 
     </span>
     <span class='ocr_line' id='line_1_12' title="bbox 280 1582 1189 1690; baseline 0.001 -30"><span class='ocrx_word' id='word_1_67' title='bbox 280 1582 433 1690; x_wconf 91' lang='lat' dir='ltr'>Incipit</span> <span class='ocrx_word' id='word_1_68' title='bbox 455 1582 583 1677; x_wconf 89' lang='lat' dir='ltr'>effari,</span> <span class='ocrx_word' id='word_1_69' title='bbox 605 1582 878 1690; x_wconf 83' lang='lat' dir='ltr'>mediaquein</span> <span class='ocrx_word' id='word_1_70' title='bbox 899 1609 997 1661; x_wconf 89' lang='lat' dir='ltr'>voce</span> <span class='ocrx_word' id='word_1_71' title='bbox 1018 1583 1161 1661; x_wconf 91' lang='lat' dir='ltr'>resistit</span> <span class='ocrx_word' id='word_1_72' title='bbox 1179 1616 1189 1679; x_wconf 94' lang='grc'><strong>;</strong></span> 
     </span>
    </p>

    <p class='ocr_par' dir='ltr' id='par_1_8' title="bbox 278 1694 1365 2249">
     <span class='ocr_line' id='line_1_13' title="bbox 278 1694 1216 1801; baseline 0 -28"><span class='ocrx_word' id='word_1_73' title='bbox 278 1695 402 1774; x_wconf 94' lang='lat' dir='ltr'>Nunc</span> <span class='ocrx_word' id='word_1_74' title='bbox 424 1696 563 1773; x_wconf 90' lang='lat' dir='ltr'>eadem</span> <span class='ocrx_word' id='word_1_75' title='bbox 582 1694 738 1772; x_wconf 89' lang='lat' dir='ltr'>labente</span> <span class='ocrx_word' id='word_1_76' title='bbox 759 1694 824 1771; x_wconf 92' lang='lat' dir='ltr'>die</span> <span class='ocrx_word' id='word_1_77' title='bbox 843 1694 1029 1772; x_wconf 89' lang='lat' dir='ltr'>convivia</span> <span class='ocrx_word' id='word_1_78' title='bbox 1049 1695 1216 1801; x_wconf 92' lang='lat' dir='ltr'>quaerit,</span> 
     </span>
     <span class='ocr_line' id='line_1_14' title="bbox 279 1805 1184 1914; baseline -0.002 -28"><span class='ocrx_word' id='word_1_79' title='bbox 279 1806 505 1914; x_wconf 89' lang='lat' dir='ltr'>Iliacosque</span> <span class='ocrx_word' id='word_1_80' title='bbox 527 1808 675 1885; x_wconf 88' lang='lat' dir='ltr'>iterum</span> <span class='ocrx_word' id='word_1_81' title='bbox 697 1805 858 1884; x_wconf 90' lang='lat' dir='ltr'>demens</span> <span class='ocrx_word' id='word_1_82' title='bbox 878 1806 1013 1883; x_wconf 91' lang='lat' dir='ltr'>audire</span> <span class='ocrx_word' id='word_1_83' title='bbox 1033 1805 1184 1884; x_wconf 89' lang='lat' dir='ltr'>labores</span> 
     </span>
     <span class='ocr_line' id='line_1_15' title="bbox 280 1916 1288 2027; baseline -0.001 -29"><span class='ocrx_word' id='word_1_84' title='bbox 280 1919 489 2027; x_wconf 76' lang='lat' dir='ltr'>Exposuit,</span> <span class='ocrx_word' id='word_1_85' title='bbox 511 1917 740 2025; x_wconf 89' lang='lat' dir='ltr'>pendetque</span> <span class='ocrx_word' id='word_1_86' title='bbox 759 1917 907 1996; x_wconf 92' lang='lat' dir='ltr'>iterum</span> <span class='ocrx_word' id='word_1_87' title='bbox 927 1918 1119 1996; x_wconf 90' lang='lat' dir='ltr'>narrantis</span> <span class='ocrx_word' id='word_1_88' title='bbox 1138 1916 1187 1997; x_wconf 96' lang='lat' dir='ltr'>ab</span> <span class='ocrx_word' id='word_1_89' title='bbox 1208 1944 1288 1998; x_wconf 91' lang='lat' dir='ltr'>ore.</span> 
     </span>
     <span class='ocr_line' id='line_1_16' title="bbox 279 2029 1293 2137; baseline 0.001 -29"><span class='ocrx_word' id='word_1_90' title='bbox 279 2030 387 2127; x_wconf 88' lang='lat' dir='ltr'>Post,</span> <span class='ocrx_word' id='word_1_91' title='bbox 409 2031 479 2110; x_wconf 94' lang='lat' dir='ltr'>ubi</span> <span class='ocrx_word' id='word_1_92' title='bbox 501 2031 679 2136; x_wconf 88' lang='lat' dir='ltr'>digressi,</span> <span class='ocrx_word' id='word_1_93' title='bbox 699 2031 916 2137; x_wconf 89' lang='lat' dir='ltr'>lumenque</span> <span class='ocrx_word' id='word_1_94' title='bbox 936 2029 1099 2109; x_wconf 92' lang='lat' dir='ltr'>obscura</span> <span class='ocrx_word' id='word_1_95' title='bbox 1116 2031 1293 2109; x_wconf 89' lang='lat' dir='ltr'>vicissim</span> 
     </span>
     <span class='ocr_line' id='line_1_17' title="bbox 278 2141 1365 2249; baseline 0 -27"><span class='ocrx_word' id='word_1_96' title='bbox 278 2143 394 2222; x_wconf 93' lang='lat' dir='ltr'>Luna</span> <span class='ocrx_word' id='word_1_97' title='bbox 414 2144 565 2249; x_wconf 88' lang='lat' dir='ltr'>premit</span> <span class='ocrx_word' id='word_1_98' title='bbox 584 2141 830 2249; x_wconf 91' lang='lat' dir='ltr'>suadentque</span> <span class='ocrx_word' id='word_1_99' title='bbox 850 2142 1030 2220; x_wconf 85' lang='lat' dir='ltr'>cadentia</span> <span class='ocrx_word' id='word_1_100' title='bbox 1048 2141 1174 2221; x_wconf 90' lang='lat' dir='ltr'>sidera</span> <span class='ocrx_word' id='word_1_101' title='bbox 1194 2168 1365 2238; x_wconf 84' lang='lat' dir='ltr'>somnos,</span> 
     </span>
    </p>
   </div>
   <div class='ocr_carea' id='block_1_4' title="bbox 146 2254 1238 2362">
    <p class='ocr_par' dir='ltr' id='par_1_9' title="bbox 146 2254 1238 2362">
     <span class='ocr_line' id='line_1_18' title="bbox 146 2254 1238 2362; baseline 0.001 -30"><span class='ocrx_word' id='word_1_102' title='bbox 146 2262 149 2270; x_wconf 89' lang='lat'>&#39;</span> <span class='ocrx_word' id='word_1_103' title='bbox 279 2254 370 2333; x_wconf 89' lang='lat' dir='ltr'>Sola</span> <span class='ocrx_word' id='word_1_104' title='bbox 390 2254 513 2332; x_wconf 93' lang='lat' dir='ltr'>domo</span> <span class='ocrx_word' id='word_1_105' title='bbox 534 2274 687 2331; x_wconf 90' lang='lat' dir='ltr'>maeret</span> <span class='ocrx_word' id='word_1_106' title='bbox 707 2280 846 2346; x_wconf 87' lang='lat' dir='ltr'>vacua,</span> <span class='ocrx_word' id='word_1_107' title='bbox 866 2254 1073 2362; x_wconf 90' lang='lat' dir='ltr'>stratisque</span> <span class='ocrx_word' id='word_1_108' title='bbox 1093 2255 1238 2333; x_wconf 90' lang='lat' dir='ltr'>relictis</span> 
     </span>
    </p>
   </div>
   <div class='ocr_carea' id='block_1_5' title="bbox 185 2364 1467 3191">
    <p class='ocr_par' dir='ltr' id='par_1_10' title="bbox 279 2364 1467 2695">
     <span class='ocr_line' id='line_1_19' title="bbox 279 2364 1467 2473; baseline -0.001 -28"><span class='ocrx_word' id='word_1_109' title='bbox 279 2366 484 2445; x_wconf 89' lang='lat' dir='ltr'>Incubat:</span> <span class='ocrx_word' id='word_1_110' title='bbox 515 2367 633 2443; x_wconf 92' lang='lat' dir='ltr'>illum</span> <span class='ocrx_word' id='word_1_111' title='bbox 652 2364 790 2443; x_wconf 85' lang='lat' dir='ltr'>absens</span> <span class='ocrx_word' id='word_1_112' title='bbox 811 2365 1014 2443; x_wconf 89' lang='lat' dir='ltr'>absentem</span> <span class='ocrx_word' id='word_1_113' title='bbox 1034 2366 1224 2473; x_wconf 91' lang='lat' dir='ltr'>auditque</span> <span class='ocrx_word' id='word_1_114' title='bbox 1246 2366 1467 2473; x_wconf 88' lang='lat' dir='ltr'>videtque.</span> 
     </span>
     <span class='ocr_line' id='line_1_20' title="bbox 279 2477 1402 2602; baseline -0.003 -45"><span class='ocrx_word' id='word_1_115' title='bbox 279 2479 367 2557; x_wconf 91' lang='lat' dir='ltr'>Aut</span> <span class='ocrx_word' id='word_1_116' title='bbox 387 2478 543 2584; x_wconf 91' lang='lat' dir='ltr'>gremio</span> <span class='ocrx_word' id='word_1_117' title='bbox 563 2477 797 2571; x_wconf 91' lang='lat' dir='ltr'>Ascanium,</span> <span class='ocrx_word' id='word_1_118' title='bbox 818 2478 1008 2582; x_wconf 87' lang='lat' dir='ltr'>genitoris</span> <span class='ocrx_word' id='word_1_119' title='bbox 1027 2477 1204 2583; x_wconf 91' lang='lat' dir='ltr'>imagine</span> <span class='ocrx_word' id='word_1_120' title='bbox 1224 2496 1402 2602; x_wconf 83' lang='lat' dir='ltr'>capta,</span> 
     </span>
     <span class='ocr_line' id='line_1_21' title="bbox 281 2574 1247 2701; baseline -0.003 -33"><span class='ocrx_word' id='word_1_121' title='bbox 281 2574 464 2684; x_wconf 89' lang='lat' dir='ltr'>Detinet,</span> <span class='ocrx_word' id='word_1_122' title='bbox 485 2585 747 2667; x_wconf 85' lang='lat' dir='ltr'>infandum</span> <span class='ocrx_word' id='word_1_123' title='bbox 719 2614 750 2666; x_wconf 80' lang='grc' dir='ltr'>ει</span> <span class='ocrx_word' id='word_1_124' title='bbox 769 2586 903 2666; x_wconf 89' lang='lat' dir='ltr'>fallere</span> <span class='ocrx_word' id='word_1_125' title='bbox 923 2590 1044 2695; x_wconf 83' lang='lat' dir='ltr'>possit</span> <span class='ocrx_word' id='word_1_126' title='bbox 1061 2615 1247 2701; x_wconf 87' lang='lat' dir='ltr'>amorem.</span> 
     </span>
    </p>

    <p class='ocr_par' dir='ltr' id='par_1_11' title="bbox 280 2692 1389 2919">
     <span class='ocr_line' id='line_1_22' title="bbox 280 2692 1389 2808; baseline 0 -29"><span class='ocrx_word' id='word_1_127' title='bbox 280 2702 379 2780; x_wconf 94' lang='lat' dir='ltr'>Non</span> <span class='ocrx_word' id='word_1_128' title='bbox 401 2721 566 2808; x_wconf 91' lang='lat' dir='ltr'>coeptae</span> <span class='ocrx_word' id='word_1_129' title='bbox 586 2700 804 2807; x_wconf 90' lang='lat' dir='ltr'>adsurgunt</span> <span class='ocrx_word' id='word_1_130' title='bbox 825 2718 961 2793; x_wconf 90' lang='lat' dir='ltr'>turres,</span> <span class='ocrx_word' id='word_1_131' title='bbox 981 2727 1061 2778; x_wconf 95' lang='lat' dir='ltr'>non</span> <span class='ocrx_word' id='word_1_132' title='bbox 1078 2692 1184 2777; x_wconf 84' lang='lat' dir='ltr'>arnia</span> <span class='ocrx_word' id='word_1_133' title='bbox 1204 2702 1389 2780; x_wconf 90' lang='lat' dir='ltr'>iuventus</span> 
     </span>
     <span class='ocr_line' id='line_1_23' title="bbox 280 2811 1202 2940; baseline -0.005 -47"><span class='ocrx_word' id='word_1_134' title='bbox 280 2818 466 2908; x_wconf 83' lang='lat' dir='ltr'>Exercet,</span> <span class='ocrx_word' id='word_1_135' title='bbox 487 2831 676 2919; x_wconf 79' lang='lat' dir='ltr'>portusve</span> <span class='ocrx_word' id='word_1_136' title='bbox 697 2831 764 2889; x_wconf 91' lang='lat' dir='ltr'>aut</span> <span class='ocrx_word' id='word_1_137' title='bbox 784 2813 1078 2940; x_wconf 83' lang='lat' dir='ltr'>propugnacula</span> <span class='ocrx_word' id='word_1_138' title='bbox 1099 2811 1202 2890; x_wconf 90' lang='lat' dir='ltr'>bello</span> 
     </span>
    </p>

    <p class='ocr_par' dir='ltr' id='par_1_12' title="bbox 279 2922 1397 3041">
     <span class='ocr_line' id='line_1_24' title="bbox 279 2922 1397 3041; baseline -0.002 -38"><span class='ocrx_word' id='word_1_139' title='bbox 279 2927 389 3004; x_wconf 92' lang='lat' dir='ltr'>Tuta</span> <span class='ocrx_word' id='word_1_140' title='bbox 408 2943 581 3032; x_wconf 92' lang='lat' dir='ltr'>parant;</span> <span class='ocrx_word' id='word_1_141' title='bbox 612 2922 788 3030; x_wconf 93' lang='lat' dir='ltr'>pendent</span> <span class='ocrx_word' id='word_1_142' title='bbox 808 2950 926 3030; x_wconf 89' lang='lat' dir='ltr'>opera</span> <span class='ocrx_word' id='word_1_143' title='bbox 945 2925 1165 3041; x_wconf 86' lang='lat' dir='ltr'>interrupta</span> <span class='ocrx_word' id='word_1_144' title='bbox 1185 2924 1397 3031; x_wconf 83' lang='lat' dir='ltr'>minaeque</span> 
     </span>
    </p>

    <p class='ocr_par' dir='ltr' id='par_1_13' title="bbox 185 3031 1348 3191">
     <span class='ocr_line' id='line_1_25' title="bbox 185 3031 1348 3191; baseline -0.002 -76"><span class='ocrx_word' id='word_1_145' title='bbox 185 3103 192 3115; x_wconf 85' lang='lat'><em>.</em></span> <span class='ocrx_word' id='word_1_146' title='bbox 283 3037 537 3175; x_wconf 83' lang='lat' dir='ltr'>Murorum</span> <span class='ocrx_word' id='word_1_147' title='bbox 526 3053 709 3191; x_wconf 84' lang='lat' dir='ltr'>ingentes</span> <span class='ocrx_word' id='word_1_148' title='bbox 719 3054 976 3169; x_wconf 79' lang='lat' dir='ltr'>aequataque</span> <span class='ocrx_word' id='word_1_149' title='bbox 993 3031 1178 3113; x_wconf 88' lang='lat' dir='ltr'>machina</span> <span class='ocrx_word' id='word_1_150' title='bbox 1198 3036 1348 3159; x_wconf 80' lang='lat' dir='ltr'>caelo·</span> 
     </span>
    </p>
   </div>
   <div class='ocr_carea' id='block_1_6' title="bbox 222 3242 1342 3590">
    <p class='ocr_par' dir='ltr' id='par_1_14' title="bbox 282 3242 1318 3590">
     <span class='ocr_line' id='line_1_26' title="bbox 340 3242 1253 3366; baseline -0.003 -28"><span class='ocrx_word' id='word_1_151' title='bbox 340 3259 477 3346; x_wconf 92' lang='lat' dir='ltr'>Quam</span> <span class='ocrx_word' id='word_1_152' title='bbox 497 3260 683 3339; x_wconf 92' lang='lat' dir='ltr'>simulac</span> <span class='ocrx_word' id='word_1_153' title='bbox 703 3260 771 3338; x_wconf 93' lang='lat' dir='ltr'>tali</span> <span class='ocrx_word' id='word_1_154' title='bbox 790 3242 981 3366; x_wconf 91' lang='lat' dir='ltr'>persensit</span> <span class='ocrx_word' id='word_1_155' title='bbox 999 3278 1107 3365; x_wconf 90' lang='lat' dir='ltr'>peste</span> <span class='ocrx_word' id='word_1_156' title='bbox 1127 3244 1253 3336; x_wconf 91' lang='lat' dir='ltr'>teneri</span> 
     </span>
     <span class='ocr_line' id='line_1_27' title="bbox 284 3355 1342 3481; baseline -0.006 -28"><span class='ocrx_word' id='word_1_157' title='bbox 284 3374 386 3453; x_wconf 91' lang='lat' dir='ltr'>Cara</span> <span class='ocrx_word' id='word_1_158' title='bbox 406 3372 515 3452; x_wconf 91' lang='lat' dir='ltr'>Iovis</span> <span class='ocrx_word' id='word_1_159' title='bbox 536 3374 728 3481; x_wconf 74' lang='lat' dir='ltr'>coniunx,</span> <span class='ocrx_word' id='word_1_160' title='bbox 748 3398 821 3450; x_wconf 90' lang='lat' dir='ltr'>nec</span> <span class='ocrx_word' id='word_1_161' title='bbox 840 3368 988 3457; x_wconf 87' lang='lat' dir='ltr'>famam</span> <span class='ocrx_word' id='word_1_162' title='bbox 1008 3369 1159 3448; x_wconf 89' lang='lat' dir='ltr'>obstare</span> <span class='ocrx_word' id='word_1_163' title='bbox 1171 3355 1342 3469; x_wconf 61' lang='grc' dir='ltr'>ἰῬιιιοιί,</span> 
     </span>
     <span class='ocr_line' id='line_1_28' title="bbox 222 3481 1289 3590; baseline -0.004 -26.755"><span class='ocrx_word' id='word_1_164' title='bbox 222 3484 452 3581; x_wconf 91' lang='lat' dir='ltr'>Talibus</span> <span class='ocrx_word' id='word_1_165' title='bbox 468 3483 725 3590; x_wconf 87' lang='lat' dir='ltr'>adgreditur</span> <span class='ocrx_word' id='word_1_166' title='bbox 726 3483 926 3561; x_wconf 90' lang='lat' dir='ltr'>Venerem</span> <span class='ocrx_word' id='word_1_167' title='bbox 947 3482 1136 3560; x_wconf 86' lang='lat' dir='ltr'>Saturnia·¹</span> <span class='ocrx_word' id='word_1_168' title='bbox 1145 3481 1289 3560; x_wconf 72' lang='lat' dir='ltr'>dictis&#39;s</span> 
     </span>
    </p>
   </div>
   <div class='ocr_carea' id='block_1_7' title="bbox 223 3590 1681 3832">
    <p class='ocr_par' dir='ltr' id='par_1_15' title="bbox 280 3590 1681 3813">
     <span class='ocr_line' id='line_1_29' title="bbox 281 3590 1681 3709; baseline -0.01 -34"><span class='ocrx_word' id='word_1_169' title='bbox 281 3596 503 3709; x_wconf 84' lang='lat' dir='ltr'>Egregiam</span> <span class='ocrx_word' id='word_1_170' title='bbox 522 3622 617 3705; x_wconf 81' lang='lat' dir='ltr'>vero</span> <span class='ocrx_word' id='word_1_171' title='bbox 636 3593 795 3673; x_wconf 90' lang='lat' dir='ltr'>laudem</span> <span class='ocrx_word' id='word_1_172' title='bbox 814 3613 854 3703; x_wconf 92' lang='lat' dir='ltr'>et</span> <span class='ocrx_word' id='word_1_173' title='bbox 873 3594 998 3700; x_wconf 91' lang='lat' dir='ltr'>spolia</span> <span class='ocrx_word' id='word_1_174' title='bbox 1017 3595 1147 3700; x_wconf 92' lang='lat' dir='ltr'>ampla</span> <span class='ocrx_word' id='word_1_175' title='bbox 1166 3590 1334 3671; x_wconf 74' lang='lat' dir='ltr'>refertis‘¹</span> <span class='ocrx_word' id='word_1_176' title='bbox 1576 3632 1621 3643; x_wconf 91' lang='lat'>··</span> <span class='ocrx_word' id='word_1_177' title='bbox 1678 3642 1681 3649; x_wconf 84' lang='lat'>-</span> 
     </span>
     <span class='ocr_line' id='line_1_30' title="bbox 223 3698 1680 3832; baseline -0.006 -45.674"><span class='ocrx_word' id='word_1_178' title='bbox 223 3710 429 3825; x_wconf 91' lang='lat' dir='ltr'>Tuque</span> <span class='ocrx_word' id='word_1_179' title='bbox 449 3733 630 3813; x_wconf 90' lang='lat' dir='ltr'>puerque</span> <span class='ocrx_word' id='word_1_180' title='bbox 650 3725 755 3800; x_wconf 92' lang='lat' dir='ltr'>tuus,</span> <span class='ocrx_word' id='word_1_181' title='bbox 775 3698 968 3832; x_wconf 78' lang='lat' dir='ltr'>magnum</span> <span class='ocrx_word' id='word_1_182' title='bbox 988 3725 1027 3783; x_wconf 91' lang='lat' dir='ltr'>et</span> <span class='ocrx_word' id='word_1_183' title='bbox 1047 3704 1304 3783; x_wconf 91' lang='lat' dir='ltr'>memorabile</span> <span class='ocrx_word' id='word_1_184' title='bbox 1324 3731 1487 3801; x_wconf 92' lang='lat' dir='ltr'>nomen,</span> <span class='ocrx_word' id='word_1_185' title='bbox 1602 3738 1607 3755; x_wconf 83' lang='lat'><strong>·</strong></span> <span class='ocrx_word' id='word_1_186' title='bbox 1675 3712 1680 3721; x_wconf 83' lang='grc'><strong><em>’</em></strong></span> 
     </span>
    </p>
   </div>
   <div class='ocr_carea' id='block_1_8' title="bbox 223 3790 1334 4150">
    <p class='ocr_par' dir='ltr' id='par_1_16' title="bbox 223 3790 1276 4150">
     <span class='ocr_line' id='line_1_31' title="bbox 223 3790 1276 3921; baseline -0.003 -23.82"><span class='ocrx_word' id='word_1_187' title='bbox 223 3790 377 3897; x_wconf 91' lang='lat' dir='ltr'>Una</span> <span class='ocrx_word' id='word_1_188' title='bbox 396 3818 491 3896; x_wconf 93' lang='lat' dir='ltr'>dolo</span> <span class='ocrx_word' id='word_1_189' title='bbox 511 3818 690 3917; x_wconf 91' lang='lat' dir='ltr'>divom</span> <span class='ocrx_word' id='word_1_190' title='bbox 663 3813 871 3921; x_wconf 78' lang='lat' dir='ltr'>si.lemina</span> <span class='ocrx_word' id='word_1_191' title='bbox 889 3817 996 3895; x_wconf 87' lang='lat' dir='ltr'>victa</span> <span class='ocrx_word' id='word_1_192' title='bbox 1015 3817 1187 3895; x_wconf 90' lang='lat' dir='ltr'>duorum</span> <span class='ocrx_word' id='word_1_193' title='bbox 1208 3834 1276 3897; x_wconf 90' lang='lat' dir='ltr'>est.</span> 
     </span>
     <span class='ocr_line' id='line_1_32' title="bbox 260 3898 1334 4029; baseline -0.005 -20"><span class='ocrx_word' id='word_1_194' title='bbox 260 3956 269 4029; x_wconf 80' lang='lat'>,·</span> <span class='ocrx_word' id='word_1_195' title='bbox 570 3898 710 4008; x_wconf 85' lang='lat' dir='ltr'>fallit</span> <span class='ocrx_word' id='word_1_196' title='bbox 721 3930 888 4007; x_wconf 89' lang='lat' dir='ltr'>veritam</span> <span class='ocrx_word' id='word_1_197' title='bbox 908 3947 946 4006; x_wconf 93' lang='lat' dir='ltr'>te</span> <span class='ocrx_word' id='word_1_198' title='bbox 966 3930 1124 4005; x_wconf 86' lang='lat' dir='ltr'>mo&#39;enia</span> <span class='ocrx_word' id='word_1_199' title='bbox 1144 3936 1334 4006; x_wconf 91' lang='lat' dir='ltr'>nostra</span> 
     </span>
     <span class='ocr_line' id='line_1_33' title="bbox 258 4014 1256 4150; baseline -0.003 -28.932"><span class='ocrx_word' id='word_1_200' title='bbox 258 4043 487 4150; x_wconf 90' lang='lat' dir='ltr'>Suspectas</span> <span class='ocrx_word' id='word_1_201' title='bbox 509 4040 692 4119; x_wconf 90' lang='lat' dir='ltr'>habuisse</span> <span class='ocrx_word' id='word_1_202' title='bbox 712 4039 850 4150; x_wconf 80' lang='lat' dir='ltr'>domos</span> <span class='ocrx_word' id='word_1_203' title='bbox 871 4021 1129 4145; x_wconf 75' lang='lat' dir='ltr'>Karthaginis</span> <span class='ocrx_word' id='word_1_204' title='bbox 1144 4014 1256 4118; x_wconf 88' lang='lat' dir='ltr'>altae</span> 
     </span>
    </p>
   </div>
   <div class='ocr_carea' id='block_1_9' title="bbox 278 4152 1559 4326">
    <p class='ocr_par' dir='ltr' id='par_1_17' title="bbox 278 4152 1559 4326">
     <span class='ocr_line' id='line_1_34' title="bbox 278 4152 1559 4326; baseline -0.002 -92"><span class='ocrx_word' id='word_1_205' title='bbox 278 4155 355 4234; x_wconf 88' lang='lat' dir='ltr'>Sed</span> <span class='ocrx_word' id='word_1_206' title='bbox 377 4155 467 4262; x_wconf 93' lang='lat' dir='ltr'>quis</span> <span class='ocrx_word' id='word_1_207' title='bbox 488 4155 564 4232; x_wconf 92' lang='lat' dir='ltr'>erit</span> <span class='ocrx_word' id='word_1_208' title='bbox 585 4152 741 4286; x_wconf 86' lang='lat' dir='ltr'>modus,</span> <span class='ocrx_word' id='word_1_209' title='bbox 761 4170 829 4230; x_wconf 92' lang='lat' dir='ltr'>aut</span> <span class='ocrx_word' id='word_1_210' title='bbox 849 4177 929 4259; x_wconf 94' lang='lat' dir='ltr'>quo</span> <span class='ocrx_word' id='word_1_211' title='bbox 949 4178 1055 4326; x_wconf 68' lang='lat' dir='ltr'>nupc</span> <span class='ocrx_word' id='word_1_212' title='bbox 1075 4152 1290 4230; x_wconf 91' lang='lat' dir='ltr'>certamine</span> <span class='ocrx_word' id='word_1_213' title='bbox 1312 4153 1458 4232; x_wconf 77' lang='lat' dir='ltr'>tanto?</span> <span class='ocrx_word' id='word_1_214' title='bbox 1555 4162 1559 4168; x_wconf 86' lang='lat'>&#39;</span> 
     </span>
     <span class='ocr_line' id='line_1_35' title="bbox 947 4286 993 4326; baseline 0 0"><span class='ocrx_word' id='word_1_215' title='bbox 947 4288 961 4326; x_wconf 83' lang='grc' dir='ltr'>ῐ</span> <span class='ocrx_word' id='word_1_216' title='bbox 976 4286 993 4326; x_wconf 65' lang='grc' dir='ltr'><strong><em>Γ</em></strong></span> 
     </span>
    </p>
   </div>
   <div class='ocr_carea' id='block_1_10' title="bbox 0 0 1796 4522">
    <p class='ocr_par' dir='ltr' id='par_1_18' title="bbox 0 0 1796 4522">
     <span class='ocr_line' id='line_1_36' title="bbox 0 0 1796 4522; baseline 0 1"><span class='ocrx_word' id='word_1_217' title='bbox 0 0 1796 4522; x_wconf 95' lang='lat' dir='ltr'> </span> 
     </span>
    </p>
   </div>
  </div>
 </body>
</html>
