3584 4522
257 463 428 569 Iamque
448 464 531 544 dies
552 464 730 572 alterque
750 466 833 546 dies
852 467 1058 573 processit,
1078 488 1118 548 et
1137 494 1254 548 aurae

197 575 300 656 Vela
319 598 466 658 vocant
486 575 726 685 tumidoque
745 576 906 658 inflatur
925 580 1103 661 carbasus
1123 600 1283 660 austro:

198 686 279 770 His
300 710 438 769 vatem
459 688 671 795 adgredior
690 691 810 770 dictis
830 718 875 770 ac
895 692 989 771 talia
1009 720 1180 801 quaeso:

252 916 502 1020 Troiugena,
523 913 719 1020 interpres
738 914 891 1010 divom,
912 915 981 1022 qui
1002 917 1168 995 numina
1189 916 1357 1013 Phoebi,

196 1026 282 1112 Qui
303 1024 495 1132 tripodas,
518 1025 643 1103 Clarii
658 1027 804 1120 laurus,
825 1028 896 1133 qui
915 1026 1041 1105 sidera
1060 1031 1180 1107 sentis
1511 1031 1594 1138 360

194 1138 250 1217 Et
271 1140 483 1217 voluerum
502 1138 657 1243 linguas
678 1156 718 1215 et
735 1139 931 1247 praepetis
952 1140 1086 1218 omina
1106 1167 1272 1248 pennae,

195 1250 296 1328 Fare
317 1276 624 1356 age—namque
644 1276 808 1327 omnem
828 1277 989 1330 cursum
1009 1251 1111 1330 mihi
1131 1279 1318 1360 prospera
1337 1253 1441 1334 dixit

196 1363 375 1469 Religi0,
396 1383 435 1442 et
456 1363 592 1440 cuncti
611 1381 816 1440 suaserunt
836 1365 1002 1442 numine
1023 1364 1105 1442 divi

195 1473 357 1553 Italiam
375 1494 512 1583 petere
532 1491 572 1551 et
593 1491 715 1551 terras
733 1492 928 1581 temptare
952 1494 1123 1583 repostas
1140 1507 1150 1571 ;

194 1586 284 1665 Sola
305 1615 457 1665 novum
478 1586 669 1692 dictuque
689 1582 795 1665 nefas
815 1587 998 1695 Harpyia
1019 1589 1189 1668 Celaeno

195 1699 438 1806 Prodigium
460 1699 581 1792 canit,
603 1717 643 1776 et
664 1699 793 1777 tristes
813 1700 1022 1780 denuntiat
1042 1703 1130 1795 iras,

195 1810 506 1918 Obscenamque
527 1808 836 1917 famem-quae
854 1813 984 1919 prima
1002 1814 1179 1920 pericula
1198 1815 1316 1893 vito?

194 1923 356 2009 Quidve
378 1949 542 2030 sequens
565 1941 695 2002 tantos
714 1924 864 2031 possim
883 1951 1065 2032 superare
1083 1925 1269 2006 labores?

248 2146 335 2225 Hic
356 2146 540 2224 Helenus
561 2147 681 2224 caesis
700 2147 881 2253 primum
902 2146 950 2226 de
968 2175 1080 2226 more
1100 2148 1280 2228 iuvencis

191 2258 345 2336 Exorat
365 2285 508 2365 pacem
529 2256 681 2352 divom,
702 2260 901 2365 vittasque
920 2261 1080 2339 resolvit

191 2370 342 2449 Sacrati
364 2371 523 2477 capitis,
544 2396 690 2476 meque
711 2370 760 2448 ad
780 2389 847 2448 tua
867 2372 1020 2466 limina,
1041 2371 1218 2469 Phoebe,

190 2480 280 2588 Ipse
302 2509 425 2559 manu
445 2483 574 2559 multo
596 2508 828 2590 suspensum
847 2485 1012 2561 numine
1032 2482 1157 2579 ducit,

189 2595 329 2700 Atque
349 2593 448 2672 haec
469 2593 612 2671 deinde
632 2595 742 2673 canit
761 2592 898 2673 divino
918 2622 967 2673 ex
987 2622 1053 2674 ore
1073 2596 1274 2676 sacerdos:

246 2817 354 2895 Nate
375 2816 612 2911 dea,-nam
632 2835 673 2895 te
692 2816 909 2896 maioribus
928 2818 986 2896 ire
1005 2845 1076 2926 per
1095 2820 1221 2897 altum

187 2929 396 3035 Auspiciis
416 2927 625 3007 manifesta
644 2924 741 3007 fides
762 2955 771 3005 :
802 2931 858 3008 sic
877 2927 958 3009 fata
978 2931 1100 3010 deum
1119 2957 1190 3010 rex

188 3041 375 3135 Sortitur,
396 3042 607 3147 volvitque
625 3042 733 3120 vices
751 3072 761 3135 ;
794 3043 827 3121 is
845 3043 1015 3123 vertitur
1034 3043 1190 3122 ordo—

189 3153 324 3232 Pauca
344 3153 420 3231 tibi
442 3180 463 3231 e
484 3153 637 3248 multis,
659 3180 738 3259 quo
760 3153 885 3233 tutior
904 3156 1063 3265 hospita
1081 3157 1220 3235 lustres

186 3265 380 3371 Aequora
402 3283 441 3342 et
460 3265 644 3343 Ausonio
664 3266 788 3371 possis
808 3268 1012 3347 considere
1031 3288 1167 3375 portu,

186 3376 419 3482 Expediam
439 3376 584 3471 dictis;
614 3376 834 3485 prohibent
855 3406 950 3457 nam
969 3399 1099 3458 cetera
1120 3380 1265 3458 Parcae

186 3487 297 3566 Scire
318 3488 529 3567 Helenum
547 3487 702 3596 farique
720 3509 828 3568 vetat
849 3490 1029 3569 Saturnia
1046 3490 1163 3570 Iuno.

245 3712 452 3818 Principio
473 3711 644 3809 Italiam,
667 3739 789 3818 quam
808 3730 853 3790 tu
872 3714 953 3791 iam
973 3739 1057 3790 rere
1075 3714 1347 3821 propinquam

186 3823 450 3930 Vicinosque,
472 3827 621 3930 ignare,
643 3851 753 3931 paras
774 3824 960 3903 invadere
978 3844 1128 3931 portus,

185 3936 330 4042 Longa
351 3936 493 4042 procul
513 3938 643 4040 longis
663 3937 728 4013 via
748 3935 895 4014 dividit
915 3937 1023 4014 invia
1043 3938 1168 4016 terris.

183 4050 294 4128 Ante
316 4065 355 4125 et
376 4046 588 4124 Trinacria
608 4046 817 4126 lentandus
836 4073 966 4126 remus
986 4050 1027 4126 in
1048 4049 1167 4144 unda,

183 4162 238 4240 Et
258 4162 346 4240 salis
366 4158 538 4237 Ausonii
559 4158 808 4236 lustrandum
827 4157 993 4238 navibus
1014 4187 1161 4268 aequor

184 4272 419 4380 Infernique
440 4273 546 4350 lacus
562 4271 797 4378 Aeaeaeque
817 4271 944 4349 insula
965 4272 1119 4368 Circae,

844 4408 859 4422 .
870 4408 889 4422 .
897 4381 918 4422 0
