3584 4522
183 459 393 540 Turbabat
413 460 524 538 caelo
544 489 555 554 ;
586 484 694 536 nunc
715 475 836 538 terras
856 457 995 536 ordine
1013 459 1137 565 longo

185 574 273 650 Aut
294 599 434 680 capere
453 588 522 649 aut
542 589 675 676 captas
694 571 775 648 iam
795 569 1024 678 despectare
1042 569 1256 650 videntur:

187 684 248 762 Ut
268 683 430 764 reduces
450 683 510 762 illi
530 682 675 761 ludunt
695 681 951 762 stridentibus
971 684 1056 778 alis,

186 795 240 874 Et
262 817 379 875 coetu
399 796 561 873 cinxere
579 795 735 901 polum,
756 812 973 902 cantusque
1000 793 1154 889 dedere,

187 909 314 987 Haud
335 909 448 987 aliter
468 933 704 1013 puppesque
724 925 815 986 tuae
834 908 1039 1016 pubesque
1059 927 1221 985 tuorum

185 1022 273 1099 Aut
293 1038 458 1126 portum
479 1036 602 1114 tenet,
622 1035 692 1096 aut
710 1019 830 1126 pleno
849 1020 957 1098 subit
977 1019 1077 1098 ostia
1095 1017 1198 1097 velo.

186 1131 314 1237 Perge
335 1130 471 1226 modo,
492 1148 544 1226 et,
567 1157 645 1238 qua
664 1150 703 1210 te
724 1130 837 1211 ducit
855 1132 935 1226 via,
962 1130 1092 1237 dirige
1112 1156 1306 1237 gressum.

244 1317 378 1414 Dixit,
401 1337 441 1397 et
461 1335 641 1397 avertens
660 1344 770 1397 rosea
790 1319 946 1398 cervice
967 1314 1132 1411 refulsit,

184 1429 507 1538 Ambrosiaeque
527 1456 665 1509 comae
686 1431 871 1510 divinum
890 1431 1040 1510 vertice
1061 1429 1225 1508 odorem

185 1541 406 1649 Spiravere,
427 1542 545 1649 pedes
564 1544 681 1622 vestis
701 1541 866 1621 defluxit
886 1543 935 1622 ad
956 1544 1071 1637 imos,

185 1654 240 1731 Et
260 1682 351 1732 vera
372 1656 525 1734 incessu
544 1656 676 1761 patuit
695 1654 780 1733 dea.
840 1655 912 1733 Ille
933 1656 1002 1736 ubi
1023 1672 1194 1732 matrem

185 1766 410 1873 Adgnovit,
432 1767 501 1845 tali
520 1763 745 1872 fugientem
765 1784 822 1845 est
842 1793 941 1846 voce
961 1787 1117 1846 secutus
1138 1793 1147 1844 :

185 1877 297 1963 Quid
319 1898 459 1956 natum
481 1879 639 1972 totiens,
659 1877 828 1956 crudelis
848 1896 891 1957 tu
912 1905 1089 1986 quoque,
1109 1873 1214 1955 falsis

184 1989 311 2068 Ludis
332 1988 610 2097 imaginibus?
642 2015 713 2068 cur
733 1988 893 2068 dextrae
912 1991 1079 2097 iungere
1101 1989 1282 2067 dextram

185 2101 283 2179 Non
306 2102 422 2180 datur
441 2127 488 2179 ac
507 2127 617 2179 veras
638 2102 774 2180 audire
794 2121 833 2180 et
853 2101 1015 2181 reddere
1034 2103 1184 2180 voces?

183 2213 353 2292 Talibus
373 2214 541 2307 incusat,
562 2240 821 2320 gressumque
841 2214 890 2293 ad
911 2215 1072 2293 moenia
1092 2211 1233 2292 tendit.

183 2325 242 2403 At
264 2326 402 2403 Venus
424 2324 838 2433 obscuro''gradientes
859 2352 946 2404 aere
966 2326 1123 2433 saepsit,

185 2436 240 2515 Et
260 2439 391 2516 multo
411 2437 578 2517 nebulae
599 2440 753 2517 circum
775 2437 847 2516 dea
866 2435 973 2517 fudit
993 2438 1156 2531 amictu,

186 2548 360 2627 Cernere
382 2575 432 2626 ne
454 2550 543 2656 quis
564 2575 642 2641 eos,
664 2575 743 2627 neu
764 2551 854 2655 quis
876 2550 1109 2656 contingere
1128 2564 1272 2656 posset,

185 2660 383 2738 Molirive
404 2686 573 2754 moram,
595 2680 663 2739 aut
682 2661 869 2740 veniendi
889 2687 1051 2768 poscere
1072 2686 1219 2740 causas.

184 2769 276 2878 Ipsa
297 2771 487 2880 Paphum
506 2770 686 2850 sublimis
707 2772 805 2867 abit,
826 2772 1015 2880 sedesque
1036 2772 1172 2851 revisit

185 2883 310 2961 Laeta
329 2910 428 2978 suas,
452 2882 522 2963 ubi
543 2885 742 2992 templum
762 2885 835 2980 illi,
857 2904 1103 2992 centumque
1124 2883 1270 2963 Sabaeo

183 2995 294 3073 Ture
317 2995 449 3074 calent
470 3022 556 3074 arae
576 2996 768 3107 sertisque
789 2995 1015 3076 recentibus
1035 2994 1184 3076 halant.

242 3306 485 3414 Corripuere
503 3304 611 3384 viam
631 3306 794 3401 interea,
817 3335 895 3414 qua
914 3307 1058 3386 semita
1077 3324 1287 3387 monstrat.

183 3415 354 3524 Iamque
375 3416 638 3497 ascendebant
659 3421 815 3514 collem,
836 3421 908 3526 qui
929 3420 1127 3527 plurimus
1147 3417 1238 3498 urbi

184 3527 380 3608 imminet
401 3529 659 3637 adversasque
682 3531 883 3639 adspectat
903 3531 1071 3639 desuper
1090 3557 1210 3611 arces.

241 3724 423 3804 Miratur
442 3726 593 3805 molem
612 3727 781 3823 Aeneas,
801 3729 975 3836 magalia
995 3728 1214 3834 quondam,

184 3835 365 3915 Miratur
385 3857 518 3943 portas
538 3839 831 3946 strepitumque
853 3859 893 3917 et
912 3859 1032 3918 strata
1052 3841 1223 3919 viarum.

184 3946 340 4026 Instant
360 3947 539 4027 ardentes
558 3950 677 4058 Tyrii
697 3977 786 4057 pars
807 3950 955 4028 ducere
975 3976 1112 4028 muros

184 4060 413 4166 Molirique
432 4086 566 4138 arcem
585 4080 624 4138 et
645 4062 829 4141 manibus
849 4061 1086 4140 subvolvere
1105 4087 1209 4156 saxa,

183 4170 278 4250 Pars
299 4190 438 4277 optare
458 4172 594 4249 locum
615 4191 721 4251 tecto
742 4193 781 4251 et
802 4173 1041 4252 concludere
1062 4174 1182 4252 sulco.

184 4280 278 4362 Iura
297 4283 631 4390 magistratusque
651 4285 790 4391 legunt
810 4304 1077 4393 sanctumque
1097 4303 1292 4365 senatum.

859 4396 910 4452 „A
