3584 4522
238 405 331 483 Pars
351 423 484 513 stupet
505 406 698 515 innuptae
718 405 871 486 donum
891 407 1051 488 exitiale
1072 408 1283 489 Minervae

237 516 292 595 Et
313 519 465 596 molem
486 518 684 598 mirantur
703 519 798 625 equi
816 549 828 617 ;
857 520 1092 628 primusque
1110 520 1358 631 Thymoetes

237 628 347 709 Duci
368 630 472 708 intra
492 656 628 710 muros
649 630 832 710 hortatur
852 651 891 710 et
911 658 999 711 arce
1017 634 1154 728 locari,

236 742 327 820 Sive
348 740 454 836 dolo,
475 769 543 821 seu
564 742 646 821 iam
663 742 813 822 Troiae
833 744 889 822 sic
908 740 988 823 fata
1006 741 1197 823 ferebant.

236 855 295 932 At
316 855 462 961 Capys,
482 872 521 932 et
543 880 718 960 quorum
738 855 880 934 melior
898 855 1092 935 sententia
1110 856 1251 951 menti,

236 967 324 1044 Aut
343 966 485 1072 pelago
506 966 696 1045 Danaum
716 966 877 1045 insidias
897 985 1155 1074 suspectaque
1176 966 1279 1045 dona
1311 966 1315 973 ’

238 1076 506 1183 Praecipitare
529 1076 683 1173 iubent,
704 1077 973 1185 subiectisque
993 1106 1107 1157 urere
1126 1078 1309 1173 flammis,

236 1191 323 1267 Aut
344 1188 540 1267 terebrare
560 1216 673 1269 cavas
694 1192 796 1269 uteri
817 1209 856 1268 et
877 1208 1073 1299 temptare
1092 1190 1271 1270 latebras.

238 1302 441 1380 Scinditur
460 1302 663 1381 incertum
682 1302 811 1382 studia
831 1303 873 1381 in
894 1304 1091 1382 contraria
1110 1304 1261 1410 volgus.
1377 1360 1385 1385 r

1051 1437 1059 1447 .
1273 1389 1394 1503 We

295 1526 454 1605 Primus
481 1525 539 1605 ibi
560 1545 653 1605 ante
674 1553 824 1621 omnes,
845 1554 990 1633 magna
1010 1506 1227 1607 comitante
1247 1488 1417 1624 edema,
1589 1554 1643 1632 40

238 1639 426 1717 Laocoon
448 1638 586 1717 ardens
605 1665 762 1717 summa
783 1638 959 1717 decurrit
979 1639 1026 1719 ab
1049 1666 1151 1735 arce,
1164 1637 1204 1732 ni
1218 1634 1291 1709 ὦ

237 1751 292 1830 Et
313 1752 481 1856 procul:
514 1747 551 1828 Ο
574 1750 725 1844 miseri,
745 1776 847 1856 quae
867 1769 976 1829 tanta
995 1752 1159 1845 insania,
1180 1751 1314 1846 cives?

239 1862 412 1940 Creditis
429 1881 587 1940 avectos
601 1861 769 1971 hostes?
800 1880 868 1940 aut
888 1864 967 1941 ulla
986 1863 1136 1971 putatis

238 1975 359 2053 Dona
380 2000 510 2051 carere
532 1973 634 2052 dolis
647 1974 872 2077 Danaum?
904 1974 960 2053 sic
981 1995 1096 2054 notus
1116 1974 1287 2083 Q&

237 2086 325 2163 Aut
346 2084 423 2163 hoc
444 2086 589 2164 inclusi
608 2062 1176 2193 rrgffirtamurnchrvt
1293 2074 1483 2161 erret<
1590 2113 1643 2194 45

237 2198 325 2277 Aut
347 2197 443 2275 haec
464 2198 507 2275 in
527 2218 681 2277 nostros
700 2194 891 2277 fabricata
911 2216 968 2277 est
988 2197 1175 2278 machina
1195 2224 1329 2277 muros

239 2309 473 2416 Inspectura
494 2308 636 2386 domos
655 2328 903 2416 venturaque
923 2309 1090 2418 desuper
1110 2309 1213 2403 urbi,

155 2493 162 2503 .
237 2423 325 2500 Aut
345 2422 489 2527 aliquis
508 2421 604 2498 latet
626 2447 734 2499 error
752 2451 763 2517 ;
787 2421 1153 2529 Q-Essffidii‘b
1172 2423 1332 2505 Teucri.

239 2532 452 2640 Quidquid
472 2532 515 2610 id
536 2549 608 2627 est,
631 2533 756 2611 timeo
778 2534 938 2612 Danaos
958 2552 997 2612 et
1017 2518 1320 2614 dona‘ferentes.

295 2756 361 2836 Sic
381 2753 483 2834 fatus
502 2754 644 2834 validis
665 2756 873 2862 ingentem
891 2755 1044 2835 viribus
1064 2755 1218 2835 hastam

239 2866 288 2947 In
307 2870 409 2948 latus
430 2870 553 2975 inque
573 2863 648 2945 feri
670 2894 834 2946 curvam
855 2867 1101 2977 conpagibus
1121 2869 1256 2946 alvum

239 2981 459 3060 Contorsit.
520 2980 640 3058 Stetit
659 2980 728 3057 illa
747 2998 933 3075 tremens,
955 2960 1149 3087 uterdque
1170 3005 1324 3059 recusso

238 3092 456 3173 Insonuere
477 3118 596 3170 cavae
616 3075 898 3199 geiriiiquue
918 3091 1061 3201 dedere
1080 3118 1279 3171 cavernae.
1334 3141 1340 3158 ι

238 3206 306 3300 Et,
327 3206 358 3284 si
379 3200 460 3282 fata
482 3202 618 3299 deum,
639 3202 671 3281 si
692 3228 804 3282 mens
824 3231 904 3282 non
925 3192 1035 3282 la'ev'i
1053 3200 1203 3297 fuisset,
1317 3269 1336 3307 o

240 3316 462 3424 Impulerat
485 3312 589 3394 ferro
609 3314 822 3427 Argqlicas
843 3311 1000 3394 foedare
1019 3284 1339 3411 latebras‚“*³‘'‘⁹⁰'
1596 3340 1646 3424 55

237 3427 444 3536 Troiaque
464 3453 572 3505 nunc
593 3420 727 3521 staret,
749 3427 980 3535 Priamique
999 3401 1180 3523 aiii'hlta,
1200 3453 1390 3506 maneres.

227 3616 417 3745 sdiEcce,
438 3676 579 3728 manus
599 3650 788 3729 iuvenem
808 3651 959 3729 interea
978 3667 1069 3758 post
1088 3667 1200 3756 terga
1220 3647 1446 3728 revinctum

181 3736 419 3845 sbiPastores
441 3787 588 3867 magno
609 3762 659 3839 ad
679 3789 816 3870 regem
836 3763 1009 3840 clamore
1029 3760 1238 3839 trahebant

239 3873 507 3968 Dardanidae,
530 3873 601 3980 qui
613 3900 662 3952 se
680 3876 869 4007 ignotum
888 3872 1140 3952 venientibus
1160 3873 1279 3968 ultro,

240 3987 337 4067 Hoc
359 3987 493 4092 ipsum
514 4002 559 4061 ut
579 3955 748 4064 stihe‘re't
767 3985 1015 4091 Troiamque
1035 3984 1205 4091 aperiret
1224 3982 1410 4081 Achivis,
1468 4014 1471 4019 ·
1583 3984 1649 4065 '60

240 4098 469 4192 Obtulerat,
488 4091 615 4174 fidens
635 4096 776 4190 animi,
796 4115 916 4203 atque
936 4097 978 4173 in
1000 4114 1215 4203 utrumque
1234 4115 1404 4204 paratus,

241 4212 320 4291 Seu
338 4234 492 4291 versare
513 4207 637 4301 dolos,
660 4233 727 4286 seu
748 4227 878 4286 certae
899 4207 1137 4287 occumbere
1157 4208 1291 4287 morti.

430 4316 478 4364 sii
562 4333 571 4365 ·,
637 4354 655 4361 ,.
1019 4334 1022 4342 ·

369 4351 431 4432 Ν
