3584 4522
211 427 466 511 Dardanidae
487 449 627 511 contra
647 448 772 510 turres
791 458 837 512 ac
856 452 962 513 tecta
982 432 1196 515 domorum

211 541 404 625 Culmina
424 543 656 625 convellunt
673 574 685 638 ;
715 542 778 623 his
792 570 846 639 se,
868 545 1026 654 quando
1046 549 1187 628 ultima
1206 568 1393 645 cernunt,

209 653 406 736 Extrema
425 657 507 734 iam
527 655 569 733 in
589 675 720 735 morte
738 677 877 764 parant
897 655 1107 740 defendere
1126 663 1212 740 telis
1230 694 1241 757 ;

208 768 461 878 Auratasque
482 766 624 862 trabes,
645 787 827 847 veterum
847 768 989 848 decora
1008 772 1084 850 alta
1103 792 1328 881 parentum,

207 879 445 960 Devolvunt
466 912 476 975 ;
508 880 575 959 alii
595 881 741 959 strictis
760 882 1019 962 mucronibus
1040 883 1138 963 imas

208 990 413 1073 Obsedere
432 990 536 1072 fores
557 1025 568 1088 ;
599 993 669 1071 has
688 1011 845 1073 servant
864 995 1025 1100 agmine
1045 995 1177 1075 denso.

206 1104 421 1185 Instaurati
442 1106 583 1200 animi,
604 1106 708 1211 regis
727 1130 952 1184 succurrere
972 1108 1100 1202 tectis,

205 1217 458 1324 Auxilioque
477 1217 608 1297 levare
626 1220 745 1311 viros,
765 1216 931 1326 vimque
951 1217 1091 1297 addere
1111 1218 1240 1299 victis.

267 1441 416 1520 Limen
436 1458 520 1518 erat
541 1467 761 1549 caecaeque
781 1437 882 1521 fores
904 1460 943 1522 et
962 1443 1120 1551 pervius
1141 1469 1232 1522 usus

202 1554 429 1632 Tectorum
450 1554 556 1630 inter
570 1580 610 1632 se
631 1553 795 1648 Priami,
816 1574 1025 1663 postesque
1046 1554 1174 1633 relicti

202 1667 243 1743 A
265 1686 393 1772 terg0,
415 1661 557 1742 infelix
577 1692 656 1771 qua
676 1691 729 1759 se,
749 1665 848 1743 dum
868 1693 990 1772 regna
1009 1666 1235 1761 manebant,

204 1776 368 1885 Saepius
387 1775 675 1855 Andromache
693 1773 795 1854 ferre
815 1777 1048 1856 incomitata
1066 1777 1215 1857 solebat

202 1889 271 1967 Ad
291 1915 459 1985 soceros,
482 1907 521 1966 ct
541 1915 614 1966 avo
634 1915 806 1996 puerum
826 1891 1068 1996 Astyanacta
1087 1888 1279 1968 trahebat.

203 2000 344 2080 Evado
365 2001 414 2080 ad
435 2002 585 2080 summi
605 1997 762 2105 fastigia
782 2001 980 2096 culminis,
1001 2001 1107 2080 unde

200 2111 301 2192 Tela
321 2141 445 2193 manu
466 2114 601 2192 miseri
620 2112 821 2193 iactabant
841 2114 961 2193 inrita
978 2113 1142 2193 Teucri.

199 2335 368 2416 Turrim
388 2340 431 2416 in
453 2337 663 2446 praecipiti
684 2355 853 2416 stantem
874 2337 1119 2443 summisque
1138 2336 1211 2417 sub
1230 2354 1333 2416 astra

199 2448 403 2544 Eductam
425 2452 556 2543 tectis,
577 2450 683 2528 unde
703 2450 833 2526 omnis
852 2449 976 2526 Troia
994 2448 1124 2527 videri

198 2559 253 2639 Et
275 2561 465 2640 Danaum
484 2562 622 2639 solitae
642 2586 759 2639 naves
781 2579 820 2638 ct
840 2559 1018 2638 Achaica
1038 2575 1173 2656 castra,

198 2672 391 2778 Adgressi
412 2671 517 2751 ferro
539 2674 707 2765 circum,
728 2699 807 2778 qua
821 2697 977 2749 summa
996 2669 1187 2750 labantes.

197 2782 410 2864 Iuncturas
431 2783 607 2863 tabulata
626 2783 786 2877 dabant,
807 2784 1067 2862 convellimus
1087 2784 1176 2862 altis

195 2894 378 2991 Sedibus,
393 2897 695 3005 inpulimusque
713 2928 724 2991 3
754 2922 800 2973 ea
816 2894 924 3003 lapsa
943 2913 1104 3002 repente
1123 2896 1281 2974 ruinam

197 3006 306 3085 Cum
326 3010 460 3087 sonitu
481 3007 606 3087 trahit
625 3026 665 3088 et
685 3007 873 3088 Danaum
892 3033 1008 3114 super
1027 3007 1187 3113 agmina
1204 3008 1283 3087 late

196 3118 361 3200 Incidit.
421 3123 499 3200 Ast
519 3121 586 3198 alii
606 3119 789 3214 subeunt,
810 3144 883 3197 nec
903 3145 1007 3212 saxa,
1027 3144 1100 3198 nec
1120 3119 1250 3198 ullum

192 3229 390 3311 Telorum
410 3233 562 3311 interea
582 3250 704 3311 cessat
723 3255 858 3339 genus

252 3455 514 3534 Vestibulum
537 3475 626 3535 ante
646 3457 779 3564 ipsum
799 3454 1011 3562 primoque
1030 3452 1072 3531 in
1091 3453 1232 3532 limine
1253 3454 1431 3564 Pyrrhus

191 3570 391 3662 Exsultat,
414 3571 502 3649 telis
522 3589 561 3648 et
580 3572 670 3649 luce
691 3592 874 3649 coruscus
894 3592 1020 3659 aena;
1426 3626 1428 3630 .
1512 3596 1598 3679 470

192 3681 334 3767 Qualis
355 3680 426 3760 ubi
447 3684 489 3760 in
511 3683 645 3761 lucem
665 3681 829 3761 coluber
847 3678 952 3755 mala
971 3676 1152 3783 gramina
1170 3694 1315 3783 pastus,

190 3792 357 3899 Frigida
376 3792 449 3871 sub
472 3812 575 3871 terra
596 3793 798 3871 tumidum
818 3815 940 3896 quern
960 3787 1101 3866 bruma
1121 3788 1294 3894 tegebat,

190 3909 235 3987 N
237 3938 330 4012 unc,
351 3906 492 4012 positis
513 3931 638 3983 novus
658 3905 813 3983 exuviis
832 3898 1060 4005 nitidusque
1080 3899 1256 3995 iuventa,

189 4023 367 4108 Lubrica
388 4017 593 4095 convolvit
613 4015 765 4097 sublato
786 4030 946 4123 pectore
968 4028 1079 4115 terga

189 4138 353 4220 Arduus
374 4128 422 4206 ad
443 4130 581 4229 solem,
603 4150 642 4208 et
664 4128 811 4233 linguis
830 4125 952 4202 micat
973 4148 1040 4199 ore
1062 4121 1244 4201 trisulcis.
1509 4152 1564 4235 47
1569 4153 1593 4233 ς

190 4250 284 4332 Una
304 4256 446 4361 ingens
468 4242 658 4355 Periphas
682 4256 722 4317 et
742 4261 938 4406 equorpm
958 4235 1129 4340 agitator
1147 4234 1333 4333 Achillis,

891 4373 916 4406 η
