3584 4522
208 417 526 526 Signantemque
547 415 630 493 vias
647 444 657 508 ;
689 431 780 492 tum
797 413 918 520 longo
937 413 1064 492 limite
1083 414 1217 493 sulcus

209 529 294 607 Dat
313 530 461 624 lucem,
482 546 523 605 et
541 529 620 605 late
640 526 794 604 circum
812 525 899 603 loca
918 523 1066 604 sulfure
1084 522 1257 605 fumant.

172 686 176 695 ·
211 640 298 719 Hic
318 666 413 719 vero
432 641 564 718 victus
584 638 744 744 genitor
762 664 801 716 se
822 638 925 715 tollit
945 637 994 716 ad
1012 664 1135 732 auras,

209 749 467 858 Adfaturque
488 749 580 827 deos
601 771 639 826 et
660 770 843 828 sanctum
861 748 967 826 sidus
986 748 1133 827 adorat.
1534 773 1619 857 700

268 1024 357 1103 Iam
378 1024 459 1100 iam
479 1022 587 1099 nulla
606 1049 718 1100 mora
738 1040 796 1103 est
816 1053 826 1116 ;
857 1048 1012 1129 sequor,
1032 1041 1085 1117 et,
1106 1048 1185 1129 qua
1204 1022 1362 1119 ducitis,
1383 1022 1537 1104 adsum.

211 1136 269 1214 Di
290 1135 427 1242 patrii,
447 1152 599 1212 servate
620 1132 799 1228 domum,
820 1152 967 1212 servate
986 1153 1188 1241 nepotem.

210 1247 402 1325 Vestrum
424 1244 503 1323 hoc
523 1245 753 1350 augurium,
771 1263 980 1352 vestroque
999 1247 1042 1325 in
1061 1247 1228 1324 numine
1246 1247 1371 1326 Troia
1390 1265 1461 1330 est.

211 1358 323 1436 Cedo
344 1356 549 1463 equidem,
570 1382 657 1451 nec,
679 1377 782 1452 nate,
803 1358 877 1436 tibi
898 1384 1028 1436 comes
1047 1359 1104 1435 ire
1124 1384 1275 1437 recuso.

210 1469 383 1547 Dixerat
404 1470 468 1546 ille
490 1500 500 1563 ;
532 1489 571 1546 et
592 1470 672 1546 iam
694 1497 763 1576 per
782 1468 940 1550 moenia
959 1470 1100 1547 clarior
1119 1470 1227 1576 ignis
1528 1495 1610 1578 705

209 1581 404 1675 Auditur,
427 1583 673 1688 propiusque
693 1601 819 1660 aestus
839 1580 1020 1659 incendia
1038 1583 1219 1660 volvunt.

267 1854 379 1959 Ergo
400 1878 486 1957 age,
508 1878 596 1930 care
617 1871 741 1957 pater,
762 1855 906 1932 cervici
927 1856 1117 1960 inponere
1137 1875 1294 1935 nostrae
1316 1885 1327 1950 ;

210 1962 302 2069 Ipse
322 1964 465 2042 subibo
486 1965 647 2057 umeris,
668 1990 740 2042 nec
760 1991 825 2042 me
844 1967 954 2045 labor
974 1968 1047 2045 iste
1067 1967 1249 2074 gravabit
1269 1998 1280 2062 ;

210 2076 306 2160 Quo
327 2101 386 2153 res
407 2101 583 2180 cumque
603 2075 758 2170 cadent,
779 2104 906 2156 unum
925 2097 964 2156 et
984 2105 1198 2157 commune
1217 2078 1446 2186 periclum„

210 2187 305 2264 Una
324 2188 424 2264 salus
445 2187 641 2265 ambobus
660 2189 746 2267 erit.
806 2190 919 2268 Mihi
938 2217 1079 2298 parvus
1101 2189 1211 2269 Iulus

210 2299 270 2376 Sit
290 2325 437 2392 comes,
459 2316 498 2375 et
519 2299 639 2404 longe
660 2318 787 2378 servet
806 2304 972 2409 vestigia
990 2303 1178 2380 coniunx.

209 2411 308 2504 Vos,
328 2406 485 2503 famuli,
507 2437 609 2517 quae
629 2411 773 2505 dicam,
794 2414 936 2492 animis
955 2414 1147 2492 advertite
1166 2414 1319 2493 vestris.

208 2520 282 2599 Est
303 2523 402 2601 urbe
422 2524 586 2626 egressis
607 2524 785 2602 tumulus
805 2526 1079 2632 templumque
1098 2544 1303 2604 vetustum

208 2634 400 2712 Desertae
422 2635 594 2727 Cereris,
616 2635 811 2742 iuxtaque
830 2637 992 2743 antiqua
1013 2663 1217 2744 cupressus

209 2746 428 2851 Religione
448 2765 610 2850 patrum
631 2748 777 2825 multos
797 2769 944 2826 servata
963 2775 1035 2856 per
1055 2775 1188 2827 annos.

209 2858 332 2937 Hanc
353 2882 403 2934 ex
423 2856 577 2936 diverso
598 2856 731 2936 sedem
750 2858 954 2939 veniemus
973 2863 1015 2939 in
1035 2887 1168 2939 unam.

207 2972 290 3063 Tu,
311 2970 485 3075 genitor,
508 2996 606 3077 cape
627 2996 733 3049 sacra
753 2997 873 3050 manu
894 2973 1120 3079 patriosque
1142 2973 1337 3067 Penates3

210 3082 301 3177 Me,
323 3082 430 3159 bello
451 3109 473 3159 e
494 3101 604 3159 tanto
626 3082 847 3188 digressum
866 3104 904 3162 et
924 3085 1041 3163 caede
1061 3084 1226 3179 recenti,

207 3196 436 3272 Attrectare
457 3191 578 3290 nefas,
599 3195 724 3273 donec
744 3222 810 3273 me
828 3193 993 3275 flumine
1011 3198 1106 3274 vivo

206 3305 402 3386 Abluer0.

265 3579 382 3656 Haec
400 3576 518 3670 fatus,
539 3578 639 3658 latos
661 3605 818 3659 umeros
837 3580 1092 3686 subiectaque
1112 3578 1214 3657 colla

206 3692 330 3770 Veste
351 3718 469 3796 super
488 3686 675 3797 fulvique
695 3694 890 3771 insternor
908 3693 1010 3800 pelle
1029 3692 1168 3784 leonis,

206 3804 468 3908 Succedoque
489 3805 601 3880 oneri
621 3836 631 3898 ;
664 3804 826 3881 dextrae
846 3831 885 3882 se
903 3831 1045 3911 parvus
1067 3802 1178 3880 Iulus

204 3913 402 4021 Inplicuit
425 3916 687 4020 sequiturque
707 3933 861 4020 patrem
880 3941 960 3992 non
980 3915 1157 4021 passibus
1178 3913 1313 4020 aequis
1331 3945 1342 4009 ;

205 4027 318 4105 Pone
338 4027 445 4105 subit
467 4027 658 4103 coniunx.
720 4025 903 4103 Ferimur
921 4053 991 4133 per
1011 4052 1135 4133 opaca
1155 4027 1368 4121 locorum3

205 4140 260 4217 Et
279 4164 359 4232 me,
381 4164 504 4244 quem
525 4137 679 4215 dudum
699 4165 780 4215 non
801 4139 880 4215 ulla
899 4138 1043 4215 iniecta
1063 4137 1281 4216 movebant

203 4252 304 4328 Tela
325 4275 455 4356 neque
476 4249 640 4327 adverso
661 4251 870 4355 glomerati
892 4277 940 4328 ex
960 4250 1119 4355 agmine
1142 4250 1271 4345 Graii,

887 4362 934 4400 ,A
