3584 4522
182 460 476 570 Diripiuntque
498 461 617 569 dapes
637 480 900 569 contactuque
920 462 1054 541 omnia
1071 459 1231 542 foedant

184 571 416 670 Inmundo;
449 593 539 653 tum
559 600 640 651 vox
660 593 831 655 taetrum
851 574 934 652 dira
949 575 1053 653 inter
1073 574 1248 654 odorem.

187 685 365 766 Rursum
385 689 427 765 in
448 711 600 763 secessu
619 686 741 795 longo
761 684 832 766 sub
848 712 946 793 rupe
967 705 1114 781 cavata,

185 798 410 877 Arboribus
432 798 557 875 clausi
578 799 732 877 circum
752 818 871 906 atque
892 797 1143 877 horrentibus
1164 797 1327 890 umbris,

185 908 425 989 Instruimus
446 936 600 990 mensas
620 912 775 1019 arisque
796 910 1024 1016 reponimus
1043 911 1207 1016 ignem:

186 1022 364 1101 Rursum
385 1047 436 1098 ex
456 1021 612 1101 diverso
633 1024 731 1101 caeli
753 1023 957 1128 caecisque
976 1021 1134 1100 latebris

183 1132 323 1211 Turba
343 1159 485 1211 sonans
504 1134 693 1242 praedam
713 1133 879 1242 pedibus
899 1134 1160 1211 circumvolat
1180 1132 1305 1224 uncis,

186 1244 336 1321 Polluit
357 1270 424 1321 ore
446 1244 577 1353 dapes.
640 1247 764 1325 SocIIs
785 1263 893 1341 tunc,
915 1273 1023 1323 arma
1043 1264 1257 1354 capessant,

185 1355 329 1451 Edico,
351 1375 390 1434 et
411 1356 497 1434 dira
518 1357 667 1436 bellum
688 1384 781 1435 cum
802 1377 919 1463 gente
940 1357 1170 1464 gerendum.

187 1467 313 1546 Haud
334 1494 444 1547 secus
464 1496 509 1547 ac
530 1471 625 1548 iussi
646 1466 811 1565 faciunt,
833 1488 1035 1576 tectosque
1054 1495 1126 1576 per
1145 1467 1309 1548 herbam

185 1579 421 1686 Disponunt
440 1608 549 1660 enses
570 1600 609 1660 et
629 1602 738 1660 scuta
757 1583 918 1660 latentia
938 1581 1125 1659 condunt.

184 1690 295 1798 Ergo
317 1693 386 1771 ubi
409 1693 588 1802 delapsae
608 1695 784 1773 sonitum
804 1721 873 1802 per
893 1720 1012 1771 curva
1032 1693 1173 1772 dedere

186 1804 340 1899 Litora,
361 1805 428 1884 d'at
448 1808 611 1913 signum
631 1807 787 1912 specula
809 1807 992 1885 Misenus
1011 1804 1059 1883 ab
1080 1806 1159 1884 alta

183 1916 291 1994 Aere
312 1944 421 1997 cavo.
484 1918 685 1998 Invadunt
704 1919 815 2013 socii,
836 1937 875 1997 et
895 1946 997 1997 nova
1017 1918 1166 2026 proelia
1185 1934 1397 2023 temptant,
1504 1940 1584 2019 240

184 2026 387 2108 Obscenas
407 2031 543 2138 pelagi
564 2027 668 2109 ferro
688 2028 843 2110 foedare
862 2032 1051 2109 volucres.

184 2139 260 2218 Sed
282 2168 412 2248 neque
433 2144 519 2220 vim
540 2143 687 2249 plumis
708 2143 831 2220 ullam
850 2169 923 2221 nec
944 2144 1104 2221 volnera
1124 2159 1235 2246 tergo

184 2253 423 2360 Accipiunt,
446 2254 649 2360 celerique
670 2251 764 2359 fuga
785 2253 856 2333 sub
877 2254 1003 2332 sidera
1023 2255 1151 2360 lapsae

184 2363 402 2442 Semiesam
421 2365 611 2473 praedam
632 2384 672 2443 et
691 2366 858 2471 vestigia
877 2362 990 2443 foeda
1010 2367 1250 2471 relinquunt.

244 2645 338 2723 Una
358 2647 399 2723 in
420 2646 619 2754 praecelsa
639 2646 816 2725 consedit
835 2673 932 2754 rupe
953 2646 1138 2739 Celaen0,

184 2754 332 2836 Infelix
351 2777 473 2852 vates,
495 2759 729 2866 rumpitque
749 2757 852 2836 hanc
871 2777 1032 2864 pectore
1051 2782 1220 2835 vocem:

184 2868 346 2947 Bellum
366 2872 490 2948 etiam
509 2896 584 2978 pro
605 2869 723 2948 caede
742 2869 867 2949 boum
887 2871 1096 2974 stratisque
1116 2867 1307 2960 iuvencis,

185 2980 564 3075 Laomedontiadae,
585 2981 786 3061 bellumne
806 2978 950 3060 inferre
969 2981 1113 3090 paratis

184 3092 241 3170 Et
261 3095 392 3201 patrio
414 3094 651 3201 Harpyias
640 3113 812 3172 insontes
831 3095 976 3201 pellere
997 3094 1153 3282 regno?

184 3205 375 3312 Accipite
396 3232 491 3311 ergo
511 3206 654 3284 animis
675 3224 793 3313 atque
813 3204 911 3284 haec
930 3234 1019 3284 mea
1067 3225 1150 3310 gite
1170 3202 1289 3296 dicta,
1509 3224 1587 3305 250

185 3315 302 3400 Quae
324 3316 492 3395 Phoebo
512 3336 625 3424 pater
644 3319 909 3446 omnipotens,
930 3317 1034 3395 mihi
1055 3314 1238 3394 Phoebus
1259 3312 1407 3421 Apollo

190 3427 410 3523 Praedixit,
430 3428 546 3508 vobis
567 3429 781 3507 Furiarum
801 3455 875 3534 ego
896 3455 1085 3507 maxuma
1103 3427 1247 3535 pando,

184 3538 345 3618 Italiam
365 3567 484 3619 cursu
505 3542 657 3648 petitis,
676 3542 887 3647 ventisque
907 3542 1058 3619 vocatis

187 3651 308 3730 Ibitis
329 3652 504 3746 Italiam,
526 3673 745 3760 portusque
765 3653 912 3731 intrare
931 3652 1068 3730 licebit
1088 3681 1099 3745 ;

184 3764 262 3842 Sed
283 3792 363 3841 non
385 3783 477 3842 ante
497 3763 633 3843 datam
655 3766 825 3870 cingetis
843 3763 1055 3842 moenibus
1075 3761 1230 3855 urbem,

185 3875 323 3960 Quam
343 3902 412 3953 vos
434 3875 520 3954 dira
539 3874 662 3954 fames
682 3897 918 3982 nostraeque
937 3875 1083 3953 iniuria
1104 3873 1232 3951 caedis

183 3986 379 4065 Ambesas
399 3986 560 4094 subigat
580 3988 695 4066 malis
714 3986 919 4065 absumere
937 4012 1103 4065 mensas.

243 4268 378 4364 Dixit,
401 4267 504 4346 etin
526 4267 669 4345 silvam
690 4266 829 4377 pennis
850 4267 980 4347 ablata
999 4264 1159 4376 refugit.
