3584 4522
182 464 319 550 Quam
339 482 426 545 tuta
447 463 573 572 possis
592 463 734 542 urbem
755 488 981 570 conponere
1002 480 1117 543 terra.

183 577 306 684 Signa
325 579 401 658 tibi
423 577 562 656 dicam
580 606 591 670 3
621 594 666 654 tu
687 575 852 655 condita
871 593 1006 653 mente
1026 595 1187 656 teneto:

184 690 293 769 Cum
313 691 388 770 tibi
409 688 584 767 sollicito
604 689 744 768 secreti
766 688 815 767 ad
835 685 1010 767 fluminis
1031 688 1179 768 undam

184 803 356 881 Litoreis
377 804 518 906 ingens
538 801 701 880 inventa
720 801 794 880 sub
815 797 973 878 ilicibus
993 826 1055 880 sus

182 915 372 1021 Triginta
392 913 575 1018 capitum
595 911 699 992 fetus
719 913 839 991 enixa
857 910 1017 1005 iacebit,

184 1026 304 1119 Alba,
326 1025 409 1103 solo
431 1023 635 1121 recubans,
656 1024 734 1104 albi
756 1022 1050 1103 circum-ubera
1070 1025 1166 1120 nati,

182 1137 221 1217 Is
241 1139 352 1216 locus
373 1134 482 1214 urbis
503 1137 594 1234 erit,
614 1137 771 1244 requies
791 1161 836 1213 ea
856 1155 962 1214 certa
981 1133 1177 1215 laborum.

184 1248 274 1327 Nec
295 1267 339 1326 tu
360 1274 589 1327 mensarum
608 1275 760 1327 morsus
779 1247 961 1326 horresce
981 1243 1133 1326 futuros
1153 1275 1163 1325 ε

187 1361 284 1438 Fata
305 1362 412 1437 viam
432 1361 641 1439 invenient
662 1359 869 1466 aderitque
888 1377 1051 1438 vocatus
1071 1360 1233 1467 Apollo.
1509 1383 1586 1467 395

187 1471 274 1549 Has
296 1491 432 1551 autem
452 1491 586 1566 terras,
608 1470 782 1579 Italique
801 1473 905 1551 hanc
924 1473 1050 1551 litoris
1070 1498 1193 1566 oram,

186 1584 391 1663 Proxuma
411 1611 513 1691 quae
532 1586 656 1663 nostri
680 1582 936 1691 perfunditur
956 1584 1136 1690 aequoris
1155 1602 1277 1679 aestu,

187 1696 336 1803 Effuge
358 1728 367 1791 ;
400 1715 545 1775 cuncta
565 1697 680 1775 malis
700 1696 930 1775 habitantur
949 1697 1107 1774 moenia
1129 1696 1275 1777 Graiis

187 1807 273 1886 Hic
294 1830 333 1887 et
355 1809 526 1916 Narycii
548 1828 768 1915 posuerunt
788 1810 948 1887 moenia
968 1809 1102 1904 Locri,

187 1920 240 1998 Et
262 1921 496 2000 Sallentinos
517 1920 670 1999 obsedit
689 1922 819 1999 milite
840 1947 999 2026 campos

188 2032 356 2140 Lyctius
378 2031 617 2111 Idomeneus
635 2064 644 2127 ;
676 2033 744 2112 hic
764 2035 831 2111 illa
851 2033 962 2111 ducis
980 2032 1180 2113 Meliboei

187 2143 312 2223 Parva
333 2143 584 2222 Philoctetae
603 2143 773 2223 subnixa
793 2145 946 2224 Petelia
965 2172 1094 2225 muro.

249 2367 375 2460 Quin,
398 2365 469 2445 ubi
491 2367 740 2446 transmissae
760 2368 962 2446 sterterint
980 2385 1087 2446 trans
1106 2393 1279 2474 aequora
1298 2369 1437 2448 classes

189 2477 244 2556 Et
263 2479 407 2584 positis
428 2480 505 2557 aris
521 2481 603 2557 iam
622 2497 716 2557 vota
736 2480 778 2557 in
797 2481 914 2558 litore
933 2479 1072 2573 solves,

191 2587 400 2695 Purpureo
420 2592 552 2669 velare
572 2616 704 2669 comas
724 2591 935 2698 adopertus
956 2591 1119 2686 amictu,
1504 2614 1586 2696 405

189 2700 258 2779 Ne
279 2727 357 2806 qua
377 2702 483 2780 inter
503 2723 656 2781 sanctos
676 2703 787 2808 ignes
807 2704 848 2780 in
869 2703 1019 2781 honore
1039 2703 1205 2780 deorum

189 2812 363 2890 Hostilis
382 2809 502 2892 facies
523 2832 705 2892 occurrat
724 2832 764 2892 et
784 2814 919 2893 omina
937 2813 1081 2894 turbet.

190 2923 318 3002 Hunc
338 2925 437 3003 socii
458 2952 616 3004 morem
635 2951 851 3021 sacrorum,
872 2924 979 3006 hunc
1000 2927 1084 3034 ipse
1104 2942 1270 3005 teneto:

191 3035 283 3114 Hac
304 3037 401 3115 casti
423 3056 609 3116 maneant
629 3039 670 3116 in
687 3038 881 3144 religione
900 3058 1077 3145 nepotes.

190 3148 266 3225 Ast
286 3148 357 3226 ubi
378 3148 601 3256 digressum
621 3149 773 3229 Siculae
792 3169 833 3228 te
852 3148 1075 3228 admoverit
1095 3175 1184 3228 orae

190 3258 346 3338 Ventus
367 3280 408 3339 et
428 3262 588 3368 angusti
608 3281 803 3341 rarescent
823 3263 989 3341 claustra
1010 3262 1154 3357 Pelori,

191 3370 322 3449 Laeva
341 3373 417 3450 tibi
438 3374 554 3452 tellus
575 3392 615 3451 et
632 3374 756 3480 longo
775 3375 884 3453 laeva
897 3392 1085 3481 petantur

190 3482 380 3588 Aequora
400 3485 596 3579 circuitu;
628 3484 816 3564 dextrum
836 3483 929 3593 fuge
948 3488 1043 3565 litus
1063 3504 1103 3564 et
1122 3483 1256 3563 undas.

191 3593 308 3672 Haec
326 3595 414 3674 loca
434 3597 475 3675 vi
498 3597 702 3703 quondam
721 3617 761 3676 et
781 3617 889 3677 vasta
909 3599 1091 3677 convolsa
1110 3597 1281 3674 ruina-

192 3707 375 3784 Tantum
395 3710 482 3786 aevi
502 3710 724 3816 longinqua
741 3711 845 3789 valet
866 3730 1020 3789 mutare
1039 3725 1268 3787 vetustas-

191 3818 421 3896 Dissiluisse
440 3817 588 3916 ferunt,
610 3848 704 3899 cum
723 3823 908 3928 protinus
928 3841 1096 3927 utraque
1117 3820 1233 3898 tellus

191 3928 284 4007 Una
303 3926 428 4025 foret;
458 3933 571 4010 venit
590 3931 724 4009 medio
741 3934 782 4010 vi
802 3952 948 4040 pontus
968 3952 1008 4009 et
1027 3931 1142 4010 undis

193 4040 443 4147 Hesperium
463 4043 599 4121 Siculo
619 4043 721 4121 latus
741 4043 923 4135 abscidit,
945 4069 1115 4151 arvaque
1131 4063 1171 4121 et
1190 4043 1306 4124 urbes

194 4153 340 4231 Litore
360 4153 544 4233 diductas
564 4162 731 4261 angusto
751 4156 933 4233 interluit
952 4174 1071 4234 aestu.

192 4265 396 4344 Dextrum
417 4265 545 4374 Scylla
564 4266 678 4362 latus,
698 4268 858 4345 laevum
878 4268 1074 4376 inplacata
1094 4265 1317 4378 Charybdis
