3584 4522
184 429 297 508 Tum
317 430 421 509 mihi
443 429 645 508 caeruleus
663 404 783 538 supra
803 448 923 539 caput
942 429 1094 511 adstitit
1112 429 1256 527 imber,

1537 308 1595 378 111

186 542 367 622 Noctem
388 543 649 647 hiememque
669 539 813 639 ferens,
834 561 874 621 et
893 541 1095 622 inhorruit
1113 542 1221 622 unda
1240 542 1426 624 tenebris.
1510 566 1560 651 19
1565 567 1588 651 ς

187 656 393 735 Continuo
412 654 525 731 venti
545 654 716 733 volvunt
734 682 845 735 mare
864 680 1089 764 magnaque
1108 673 1278 762 surgunt
1318 688 1323 693 ·

185 768 376 875 Aequora
394 798 404 861 ;
436 766 600 872 dispersi
621 768 818 846 iactamur
836 767 998 873 gurgite
1016 786 1126 846 vasto
1144 797 1155 861 ς

186 879 395 959 Involvere
417 878 525 955 diem
545 879 690 974 nimbi,
713 898 753 958 et
773 905 856 957 nox
875 880 1011 956 umida
1031 881 1185 957 caelum
1277 950 1280 955 .

183 992 391 1085 Abstulit,
422 991 674 1096 ingeminant
694 990 874 1099 abruptis
894 990 1066 1070 nubibus
1086 992 1209 1098 ignes.

184 1103 430 1182 Excutimur
450 1129 579 1199 cursu,
601 1120 641 1181 ct
662 1104 790 1182 caecis
810 1128 985 1181 erramus
1003 1103 1045 1179 in
1066 1102 1194 1182 undis.

185 1214 275 1321 Ipse
297 1215 405 1292 diem
425 1233 669 1322 noctemque
690 1232 811 1321 negat
832 1215 1052 1293 discernere
1072 1216 1193 1308 cae10‚

185 1328 276 1406 Nec
296 1327 526 1405 meminisse
547 1330 634 1404 viae
655 1326 790 1404 media
812 1327 1019 1406 Palinurus
1038 1328 1081 1406 in
1102 1328 1219 1407 unda.

183 1440 283 1517 Tres
304 1440 401 1517 adeo
420 1440 593 1518 incertos
613 1465 730 1517 caeca
750 1439 921 1545 caligine
941 1440 1040 1517 soles

183 1551 372 1630 Erramus
391 1551 548 1658 pelag0,
569 1551 740 1629 totidem
760 1552 844 1629 sine
863 1549 990 1630 sidere
1009 1569 1155 1630 noctes.

185 1663 341 1750 Quarto
364 1682 467 1741 terra
488 1662 551 1740 die
570 1663 752 1769 primum
772 1689 812 1741 se
833 1664 1011 1741 attollere
1032 1662 1191 1741 tandem

185 1776 294 1871 Visa,
316 1777 468 1883 aperire
488 1774 630 1881 procul
649 1794 819 1870 montes,
840 1801 886 1854 ac
905 1775 1063 1853 volvere
1082 1774 1254 1853 fumum.

183 1888 286 1967 Vela
307 1888 468 1983 cadunt,
489 1888 607 1966 remis
627 1887 872 1994 insurgimus
890 1919 901 1982 ;
931 1885 1038 1966 haud
1058 1915 1183 1983 mora,
1203 1906 1347 1967 nautae

184 1999 338 2079 Adnixi
360 2018 550 2106 torquent
569 2026 729 2107 spumas
749 2018 790 2078 et
810 1999 967 2079 caerula
986 2019 1159 2079 verrunt.

241 2224 450 2302 Servatum
471 2250 520 2301 cx
541 2222 657 2300 undis
679 2221 949 2328 Strophadum
969 2249 1034 2300 me
1053 2224 1171 2301 litora
1191 2224 1373 2330 primum

182 2337 406 2443 Accipiunt
427 2365 437 2429 ;
470 2332 710 2442 Strophades
733 2333 858 2412 Graio
878 2353 983 2413 stant
1002 2337 1165 2413 nomine
1186 2334 1332 2431 dictae,

183 2446 339 2526 Insulae
361 2447 479 2525 Ionio
499 2448 541 2524 in
561 2471 724 2552 magn0,
747 2471 843 2552 quas
865 2445 948 2523 dira
975 2446 1153 2523 Celaeno

184 2559 473 2667 Harpyiaeque
494 2559 631 2637 colunt
650 2559 762 2649 aliae,
785 2556 954 2635 Phineia
973 2576 1186 2665 postquam

184 2670 326 2770 Clausa
347 2671 502 2765 domus,
524 2695 757 2776 mensasque
777 2687 889 2747 metu
908 2670 1061 2775 liquere
1079 2671 1243 2776 priores.

181 2784 354 2862 Tristius
375 2780 483 2859 haud
504 2782 583 2861 illis
603 2799 844 2875 monstrum,
865 2806 939 2859 nec
959 2783 1110 2860 saevior
1129 2782 1208 2860 ulla

188 2895 314 2974 Pestis
336 2912 375 2972 et
394 2894 454 2971 ira
474 2893 595 2971 deum
616 2893 766 3000 Stygiis
786 2918 869 2970 sese
890 2895 1032 2971 extulit
1052 2893 1181 2972 undis.

184 3007 369 3113 Virginei
389 3007 601 3083 volucrum
619 3006 763 3097 voltus,
784 3001 1014 3083 foedissima
1031 3006 1179 3085 ventris

182 3119 404 3211 Proluvies,
426 3143 631 3224 uncaeque
650 3142 806 3209 manus,
827 3135 867 3194 et
886 3118 1036 3224 pallida
1054 3144 1209 3224 semper
1297 3162 1300 3169 ·

183 3232 268 3312 Ora
286 3229 405 3310 fame.
1266 3238 1268 3242 ’

240 3454 339 3532 Huc
361 3452 431 3532 ubi
451 3451 572 3531 delati
593 3471 732 3558 portus
752 3452 1005 3546 intravimus,
1026 3477 1119 3530 ecce

183 3567 306 3645 Laeta
326 3564 452 3644 boum
472 3565 618 3671 passim
637 3564 789 3671 campis
810 3581 988 3641 armenta
1006 3562 1188 3643 videmus

183 3678 539 3784 Caprigenumquc
559 3702 679 3781 pecus
698 3676 808 3754 nullo
829 3674 991 3754 custode
1011 3701 1080 3784 per
1100 3673 1252 3754 herbas.

183 3788 387 3869 Inruimus
407 3786 525 3881 ferro,
546 3807 586 3866 et
605 3787 717 3866 divos
737 3788 951 3894 ipsumque
970 3813 1158 3867 vocamus

183 3902 231 3980 In
252 3919 409 4009 partem
428 3897 697 4006 praedamque
718 3897 890 3993 Iovem;
922 3918 1011 3977 tum
1029 3899 1147 3978 litore
1168 3925 1291 3978 curvo

182 4013 518 4116 Exstruimusque
539 4029 646 4088 toros
667 4007 914 4115 dapibusque
935 4011 1141 4116 epulamur
1161 4013 1338 4119 opimIs.·
1369 4074 1372 4080 .

183 4128 242 4204 At
261 4123 414 4203 subitae
434 4117 624 4200 horrifico
645 4122 759 4227 lapsu
780 4119 829 4198 de
849 4120 1053 4200 montibus
1073 4122 1215 4202 adsunt

184 4237 391 4346 Harpyiae
411 4253 451 4312 et
471 4234 625 4339 magnis
647 4233 833 4340 quatiunt
853 4234 1103 4414 clquoribus
1124 4237 1213 4331 alas,

850 4370 864 4414 ῐ
878 4370 891 4414 I
