3584 4522
197 443 417 552 Litoraque
437 441 555 550 Epiri
574 439 745 547 legimus
765 459 965 548 portuque
984 440 1163 520 subimus

197 555 385 636 Chaonio
406 575 446 634 et
465 554 612 632 celsam
632 551 821 633 Buthroti
842 552 1070 632 accedimus
1090 552 1243 632 urbem.

256 778 343 857 Hic
365 776 610 856 incredibilis
631 804 763 856 rerum
782 774 889 856 fama
909 794 1082 884 occupat
1102 802 1211 854 aures

200 890 430 969 Priamiden
454 889 663 968 Helenum
685 889 825 969 Graias
845 914 1008 995 regnare
1028 914 1099 996 per
1119 887 1246 981 urbes,
1524 905 1605 989 295

200 1002 406 1109 Coniugio
427 1000 627 1081 Aeacidae
648 998 791 1109 Pyrrhi
813 1000 1057 1107 sceptrisque
1076 1001 1267 1106 potitum,

199 1114 254 1193 Et
274 1115 406 1222 patrio
426 1113 738 1192 Andromachen
758 1113 907 1191 iterum
929 1112 1082 1191 cessisse
1103 1112 1260 1190 marito.

200 1223 409 1332 Obstipui,
430 1227 616 1355 miroque
636 1226 844 1303 incensum
864 1244 1002 1331 pectus
1022 1250 1156 1301 amore

201 1338 520 1444 Compellare
483 1364 616 1416 virum
637 1355 675 1415 et
696 1362 805 1415 casus
825 1361 1063 1442 cognoscere
1084 1353 1225 1414 tantos.

167 1532 169 1541 ,
168 1449 443 1556 Progredior
463 1469 598 1556 portu,
619 1449 755 1527 classes
775 1467 814 1526 et
834 1449 950 1525 litora
970 1448 1166 1576 linquens,

187 1561 420 1641 'Sollemnes
441 1589 536 1640 cum
556 1559 657 1639 forte
676 1560 794 1667 dapes
815 1578 854 1638 et
876 1560 1006 1638 tristia
1026 1559 1129 1638 dona

199 1674 311 1752 Ante
332 1675 505 1753 urbem
494 1703 536 1752 rn
557 1675 648 1752 luco
670 1668 753 1751 falsi
776 1672 991 1751 Simoentis
1011 1671 1060 1749 ad
1080 1670 1231 1750 undam

201 1784 431 1865 Libabat
397 1813 522 1865 ernerr
511 1784 828 1864 Andromache
851 1785 1076 1891 Manesque
1095 1783 1262 1863 vocabat

203 1896 458 1976 Hectoreum
479 1897 528 1975 ad
549 1900 763 1993 tumulum,
783 1896 905 1975 viridi
926 1923 1048 2004 quem
1068 1897 1240 2001 caespite
1259 1895 1422 1973 inanem

202 2009 257 2087 Et
277 2011 471 2115 geminas,
493 2036 651 2088 causam
671 2011 858 2104 lacrimis,
881 2027 1096 2087 sacraverat
1116 2033 1210 2086 aras.
1528 2024 1608 2109 305

203 2119 264 2198 Ut
284 2149 350 2199 me
372 2121 582 2228 conspexit
601 2122 832 2199 venientem
852 2140 893 2199 et
912 2121 1036 2199 Troia
1055 2122 1210 2199 circum

202 2233 332 2310 Arma
353 2259 488 2311 amens
509 2232 625 2327 vidit,
645 2233 800 2339 magnis
821 2234 1008 2311 exterrita
1027 2231 1215 2310 monstris

203 2344 455 2451 Deriguit
417 2371 505 2423 vrsu
525 2345 568 2423 in
589 2343 736 2438 medio,
757 2344 863 2421 calor
882 2370 965 2422 ossa
985 2343 1179 2449 reliquit;

204 2456 388 2551 Labitur,
409 2476 450 2534 et
470 2458 591 2563 longo
612 2457 681 2533 vix
702 2453 863 2534 tandem
883 2475 1063 2561 tempore
1081 2450 1217 2532 fatur:

261 2679 420 2758 Verane
440 2698 480 2758 te
501 2677 632 2774 facies,
653 2705 767 2757 verus
787 2677 891 2756 mihi
913 2679 1077 2757 nuntius
1099 2675 1237 2772 adfers,
1532 2699 1615 2781 310

204 2792 315 2871 Nate
336 2790 439 2871 dea?
471 2791 658 2870 vivisne?
689 2809 771 2885 aut,
791 2790 823 2869 si
843 2791 915 2868 lux
934 2791 1038 2868 alma
1057 2790 1227 2884 recessit,

207 2904 368 2982 Hector
387 2902 458 2982 ubi
480 2900 568 2984 est?
597 2903 713 2996 dixit,
732 2903 993 3009 lacrimasque
1013 2901 1157 2981 effudit
1177 2919 1216 2979 et
1235 2925 1399 2978 omnem

207 3014 386 3123 Inplevit
406 3016 579 3094 clamore
598 3015 747 3093 locum.
805 3013 891 3091 Vix
910 3040 1037 3120 pauca
1057 3010 1204 3092 furenti

206 3126 388 3207 Sublicio
408 3147 449 3206 et
469 3127 565 3205 raris
585 3125 765 3205 turbatus
783 3125 950 3205 vocibus
968 3125 1109 3205 hisco:

266 3349 376 3429 Vivo
397 3349 600 3458 equidem,
621 3349 828 3456 vitamque
850 3369 1028 3429 extrema
1048 3376 1119 3458 per
1139 3348 1274 3427 omnia
1293 3346 1398 3426 duco
1416 3376 1427 3442 ;
1536 3365 1615 3452 315

210 3461 255 3540 N
259 3489 280 3540 e
301 3461 455 3557 dubita,
476 3489 571 3540 narn
589 3487 682 3539 vera
700 3461 821 3540 vides.

211 3573 311 3651 Heu
333 3573 343 3652 l
375 3575 464 3680 quis
485 3592 525 3652 te
545 3599 653 3652 casus
672 3572 870 3652 deiectam
890 3575 1064 3679 coniuge
1084 3590 1195 3650 tanto

211 3685 415 3791 Excipit?
447 3705 515 3764 aut
536 3711 636 3792 quae
656 3684 777 3792 digna
796 3687 887 3764 satis
905 3683 1067 3763 fortuna
1085 3684 1220 3761 revisit

212 3795 406 3875 Hectoris
425 3796 768 3876 Andromachen?
833 3797 1019 3905 Pyrrhin’
1040 3794 1212 3874 conubia
1230 3820 1356 3874 servas
1376 3794 1389 3872 i

165 3934 255 3983 :2³

269 4020 430 4099 Deiecit
451 4021 608 4098 voltum
629 4039 668 4097 et
687 4018 855 4098 demissa
872 4044 972 4097 voce
992 4020 1128 4098 locuta
1147 4036 1204 4097 est
1224 4046 1234 4096 :

213 4130 252 4211 O
275 4128 374 4210 felix
395 4159 476 4210 una
495 4150 586 4210 ante
607 4132 698 4210 alias
720 4131 918 4210 Priameia
937 4131 1066 4238 virgo,

214 4244 421 4324 Hostilem
444 4243 492 4321 ad
513 4245 717 4323 tumulum
736 4244 883 4322 Troiae
903 4241 974 4321 sub
995 4241 1206 4354 moenibus
1225 4243 1311 4322 altis
