3584 4522
105 400 194 479 Has
214 402 359 480 evertit
380 426 473 509 opes
492 398 711 507 sternitque
730 426 752 477 a
772 399 947 479 culmine
965 398 1144 479 Troiam.

103 513 489 621 Aspice-namque
509 538 684 608 omnem,
706 538 806 619 quae
825 539 932 591 nunc
952 511 1123 592 obducta
1143 510 1272 590 tuenti

107 626 306 706 Mortales
326 624 488 704 hebetat
508 625 612 705 visus
628 624 702 705 tibi
724 642 764 702 et
783 624 921 703 umida
941 626 1095 704 circum

107 738 280 846 Caligat,
302 737 453 815 nubem
473 735 639 843 eripiam
659 768 669 833 ;
702 756 746 815 tu
767 762 817 815 ne
838 763 916 844 qua
934 737 1106 845 parentis

107 848 216 930 Iussa
237 852 351 943 time,
373 873 450 926 neu
470 850 691 956 praeceptis
711 874 848 956 parere
868 875 1013 928 recusa.

107 961 209 1057 Hic,
230 961 300 1040 ubi
323 960 505 1039 disiectas
524 962 649 1040 moles
670 962 878 1068 avolsaque
899 961 999 1041 saxis

105 1074 207 1153 Saxa
227 1072 339 1151 vides
359 1073 569 1181 mixtoque
590 1072 808 1152 undantem
829 1074 991 1179 pulvere
1010 1070 1184 1167 fumum,

106 1186 326 1292 Neptunus
347 1211 482 1263 muros
501 1210 729 1291 magnoque
750 1205 882 1264 emota
904 1184 1066 1263 tridenti

107 1297 388 1376 Fundamenta
409 1296 538 1402 quatit
560 1316 766 1405 totamque
786 1324 808 1375 a
828 1297 982 1376 sedibus
1004 1295 1143 1376 urbem

105 1409 237 1487 Eruit.
299 1408 387 1486 Hic
408 1407 510 1486 Iuno
531 1408 666 1488 Scaeas
686 1410 910 1488 saevissima
929 1426 1060 1516 portas

108 1521 246 1600 Prima
268 1538 389 1614 tenet,
411 1522 645 1628 sociumque
664 1519 795 1600 furens
816 1549 838 1600 a
858 1521 1023 1601 navibus
1043 1547 1185 1628 agmen

106 1632 229 1711 Ferro
251 1634 430 1711 accincta
450 1649 577 1710 vocat.

107 1744 194 1823 lam
216 1770 391 1824 summas
413 1770 518 1822 arces
536 1744 735 1839 Tritonia,
758 1745 920 1853 respice,
942 1744 1065 1825 Pallas

106 1855 272 1952 Insedit,
294 1857 436 1935 nimbo
456 1855 649 1963 effulgens
669 1874 709 1935 et
731 1857 922 1965 Gorgone
942 1884 1065 1936 saeva.

106 1966 197 2076 Ipse
220 1969 337 2047 Pater
359 1970 507 2047 Danais
528 1970 681 2048 animos
700 1970 883 2076 viresque
903 1968 1088 2048 secundas

106 2079 279 2175 Sufficit,
301 2082 385 2186 ipse
405 2079 497 2158 deos
517 2081 558 2159 in
580 2081 766 2160 Dardana
786 2082 946 2160 suscitat
965 2109 1085 2160 arma.

105 2191 244 2299 Eripe,
265 2211 370 2286 nate,
390 2188 543 2299 fugam,
562 2188 766 2300 finemque
787 2195 937 2301 inpone
956 2193 1095 2274 labori.

106 2303 323 2410 Nusquam
344 2302 476 2397 abero,
496 2323 535 2381 et
555 2323 689 2382 tutum
709 2306 839 2413 patrio
861 2323 899 2384 te
918 2307 1057 2384 limine
1078 2306 1224 2384 sistam.

106 2415 291 2509 Dixerat,
313 2433 352 2492 et
373 2415 502 2521 spissis
522 2416 650 2494 noetis
671 2442 710 2494 se
731 2416 911 2495 condidit
931 2415 1094 2496 umbris.

104 2526 315 2632 Adparent
337 2525 446 2604 dirae
465 2524 584 2606 facies
605 2527 850 2634 inimicaque
869 2529 1015 2607 Troiae

106 2638 292 2717 Numina
312 2664 458 2745 magna
477 2637 609 2717 deum.

161 2861 274 2939 Tum
294 2888 389 2939 vero
410 2887 528 2939 omne
548 2860 652 2940 mihi
672 2863 804 2942 visum
825 2862 1026 2942 considere
1045 2864 1086 2942 in
1106 2863 1218 2970 ignes

107 2972 232 3052 Ilium
252 2992 291 3051 et
312 2999 362 3050 ex
383 2973 465 3050 imo
485 2973 587 3050 verti
608 2973 817 3083 Neptunia
835 2976 959 3054 Troia
979 3006 989 3070 ;

105 3086 170 3164 Ac
194 3085 322 3163 veluti
343 3086 508 3162 summis
528 3085 736 3192 antiquam
755 3089 797 3166 in
818 3085 1021 3167 montibus
1041 3113 1185 3165 ornum

108 3196 218 3275 Cum
237 3193 342 3274 ferro
364 3197 534 3274 accisam
554 3196 781 3306 crebrisque
801 3198 1041 3309 bipennibus
1060 3199 1208 3278 instant

107 3308 260 3386 Eruere
281 3309 480 3415 agricolae
500 3310 683 3390 certatim
704 3342 715 3407 ;
746 3312 813 3392 illa
832 3339 956 3420 usque
976 3311 1151 3390 minatur

108 3419 163 3498 Et
184 3417 417 3497 tremefacta
437 3446 596 3498 comam
617 3448 806 3503 concusso
826 3426 976 3504 vertice
997 3440 1122 3518 nutat,

108 3530 352 3610 Volneribus
373 3531 501 3610 donec
520 3533 714 3639 paulatim
735 3537 863 3615 evicta
883 3561 1114 3644 supremum

108 3642 360 3750 Congemuit
381 3645 581 3751 traxitque
601 3646 706 3753 iugis
726 3648 855 3726 avolsa
871 3651 1039 3727 ruinam.

166 3864 392 3959 Descendo,
413 3892 458 3943 ac
479 3864 649 3944 ducente
670 3868 745 3947 deo
765 3867 967 3948 flammam
987 3870 1090 3947 inter
1110 3886 1149 3946 et
1169 3868 1302 3950 hostes
1350 3845 1352 3849 Ι

108 3976 318 4083 Expedior
339 4009 349 4069 ;
381 3976 474 4054 dant
494 3977 571 4055 tela
590 3977 740 4074 locum,
760 3978 1023 4088 flammaeque
1043 3980 1243 4060 recedunt.

163 4200 303 4307 Atque
325 4197 394 4277 ubi
414 4198 495 4276 iam
514 4201 665 4306 patriae
685 4222 924 4310 perventum
945 4204 993 4283 ad
1012 4205 1151 4283 limina
1171 4204 1271 4285 sedis
