3584 4522
210 434 431 517 Armorum
451 436 554 517 facie
573 457 612 516 et
634 436 846 517 Graiarum
865 465 995 518 errore
1015 440 1213 521 iubarum.

208 546 321 627 Tum
342 550 473 629 Danai
493 551 647 656 gemitu
667 568 786 657 atque
806 570 961 658 ereptae
979 553 1147 660 virginis
1166 554 1224 632 ira

212 659 408 769 Undique
430 662 588 741 collecti
607 662 814 757 invadunt,
835 664 1048 743 acerrimus
1066 667 1186 761 Aiax,

211 772 266 850 Et
287 775 440 879 gemini
460 772 642 870 Atridae,
662 774 948 882 Dolopumque
968 779 1164 857 exercitus
1184 778 1314 857 omnis
1331 809 1343 873 ;

210 882 381 964 Adversi
401 903 521 993 rupto
541 911 614 965 ceu
633 886 836 994 quondam
856 885 1015 965 turbine
1034 890 1143 968 venti

212 995 463 1104 Confligunt,
484 997 770 1107 Zephyrusque
789 995 1002 1105 Notusque
1021 1018 1060 1078 et
1080 1000 1202 1079 laetus
1222 1001 1319 1079 Eois

210 1106 344 1188 Eurus
364 1110 476 1216 equis
493 1140 504 1205 ;
535 1112 707 1189 stridunt
726 1111 858 1204 silvae,
878 1111 1082 1218 saevitque
1103 1111 1267 1190 tridenti

213 1220 409 1327 Spumeus
428 1242 553 1330 atque
574 1224 657 1302 imo
678 1222 835 1301 Nereus
855 1222 935 1300 ciet
955 1250 1126 1330 aequora
1144 1222 1283 1303 fundo.

214 1332 279 1410 Illi
300 1335 435 1430 etiam,
457 1338 488 1414 si
509 1362 607 1442 quos
628 1334 792 1414 obscura
810 1353 928 1412 nocte
947 1362 1020 1442 per
1039 1335 1224 1415 umbram

214 1443 410 1526 Fudimus
432 1448 586 1527 insidiis
607 1467 769 1556 totaque
789 1447 1028 1554 agitavimus
1047 1449 1158 1545 urbe,

212 1555 421 1664 Adparent
439 1593 449 1656 ;
481 1560 603 1668 primi
625 1561 772 1667 clipeos
791 1560 1039 1666 mentitaque
1060 1561 1136 1638 tela

212 1667 494 1775 Adgnoscunt,
514 1692 633 1777 atque
653 1698 721 1749 ora
739 1697 835 1750 sono
855 1669 1051 1749 discordia
1070 1672 1239 1779 signant.

213 1781 329 1860 Ilicet
350 1785 560 1863 obruimur
579 1809 746 1862 numero
767 1815 778 1878 ;
808 1782 1040 1891 primusque
1062 1782 1265 1862 Coroebus

215 1891 376 1974 Penelei
397 1896 536 1974 dextra
555 1895 670 1974 divae
690 1895 965 2003 armipotentis
985 1895 1034 1972 ad
1054 1922 1163 1973 aram

216 2004 483 2104 Procumbit;
515 2007 619 2086 cadit
641 2028 679 2087 et
702 2007 898 2116 Rhipeus,
918 2005 1154 2086 iustissimus
1174 2031 1275 2083 unus

216 2117 300 2202 Qui
322 2115 399 2198 fuit
419 2122 462 2199 in
482 2121 650 2200 Teucris
671 2141 710 2200 et
730 2118 1043 2198 servantissimus
1062 2118 1178 2226 aequi
1196 2150 1207 2213 ;

217 2229 292 2308 Dis
312 2231 427 2310 aliter
448 2233 607 2330 visum3
638 2252 806 2342 pereunt
827 2231 1092 2339 Hypanisque
1114 2232 1347 2338 Dymasque

218 2338 380 2422 Confixi
401 2372 423 2422 a
443 2346 559 2423 sociis
580 2375 589 2438 ;
621 2372 693 2423 nec
715 2364 753 2423 te
773 2362 841 2422 tua
861 2342 1047 2451 plurima,
1069 2342 1241 2435 Panthu,

217 2452 441 2535 Labentem
461 2459 588 2566 pietas
608 2483 681 2535 nec
701 2456 903 2564 Apollinis
923 2452 1049 2533 infula
1068 2454 1180 2533 texit.

273 2677 386 2759 Iliaci
408 2682 560 2760 cineres
581 2700 620 2759 et
640 2677 804 2758 flamma
824 2697 1002 2757 extrema
1022 2704 1218 2772 meorum,

215 2790 373 2888 Testor,
395 2795 436 2871 in
459 2819 601 2872 occasu
618 2812 749 2871 vestro
769 2818 842 2870 nec
862 2791 940 2869 tela
959 2815 1032 2869 nec
1053 2791 1149 2868 ullas

218 2902 419 2984 Vitavisse
438 2907 547 2983 vices
568 2906 770 2998 Danaum,
791 2922 842 2999 et,
864 2903 896 2982 si
915 2899 995 2979 fata
1013 2898 1190 2995 fuissent,

220 3015 280 3094 Ut
300 3017 498 3112 caderem,
520 3018 708 3096 meruisse
728 3041 863 3094 manu.
923 3013 1167 3092 Divellimur
1185 3012 1292 3110 inde,

219 3128 380 3237 Iphitus
401 3150 440 3208 et
462 3130 588 3209 Pelias
608 3154 784 3221 mecum,
805 3153 977 3234 quorum
999 3125 1157 3234 Iphitus
1177 3152 1273 3204 aevo

219 3241 308 3319 Iam
329 3244 501 3349 gravior,
522 3242 649 3321 Pelias
671 3261 708 3320 et
728 3241 891 3318 volnere
911 3237 1043 3317 tardus
1063 3237 1180 3316 Ulixi
1197 3268 1208 3333 ;

222 3352 410 3434 Protinus
431 3356 480 3434 ad
502 3353 610 3433 sedes
631 3354 783 3433 Priami
804 3353 977 3431 clamore
991 3349 1134 3430 vocati.

278 3577 367 3656 Hic
386 3606 482 3657 vero
503 3579 710 3685 ingentem
730 3603 923 3687 pugnam,
943 3602 1017 3655 ceu
1037 3592 1166 3653 cetera
1184 3566 1381 3680 nusquam

221 3690 334 3767 Bella
353 3686 499 3786 forent,
522 3691 621 3769 nulli
642 3710 726 3770 tota
746 3708 997 3768 morerentur
1016 3688 1059 3766 in
1078 3684 1189 3777 urbe,

224 3801 288 3879 Sic
309 3801 493 3881 Martem
513 3802 776 3895 indomitum,
797 3802 1037 3906 Danaosque
1056 3796 1105 3876 ad
1125 3815 1229 3875 tecta
1248 3815 1405 3876 ruentes

225 3914 441 3994 Cernimus
463 3915 744 4020 obsessumque
760 3931 846 3990 acta
866 3910 1064 3990 testudine
1082 3909 1219 3987 limen.

226 4025 412 4105 Haerent
432 4025 650 4136 parietibus
670 4026 806 4118 scalae,
827 4042 1038 4132 postesque
1056 4020 1127 4100 sub
1147 4020 1252 4129 ipsos

222 4139 265 4217 N
269 4141 424 4217 ituntur
452 4136 652 4245 gradibus,
674 4137 902 4245 clipeosque
917 4135 966 4214 ad
987 4136 1063 4213 tela
1081 4133 1246 4212 sinistris

224 4251 400 4331 Protecti
427 4250 639 4347 obiiciunt,
660 4264 845 4357 prensant
865 4244 1022 4354 fastigia
1040 4246 1198 4325 dextris.

925 4356 946 4386 ἢ
