3584 4522
211 415 428 524 Sarpedon,
450 417 521 497 ubi
542 435 603 496 tot
625 416 771 498 Simois
791 438 974 528 correpta
992 411 1066 502 sub
1085 420 1200 501 undis

210 528 329 609 Scuta
347 533 483 610 virum
503 532 714 639 galeasque
733 549 772 611 et
791 529 912 610 fortia
931 559 1098 639 corpora
1115 534 1273 614 volvit?

263 754 411 835 Talia
399 754 565 832 ractanti
586 755 754 835 stridens
775 756 982 862 Aquilone
1001 757 1176 864 procella

210 869 361 947 Velum
381 867 541 944 adversa
561 864 667 963 ferit,
688 866 913 975 fluctusque
933 868 982 948 ad
1002 868 1127 948 sidera
1146 870 1261 949 tollit.

210 981 468 1086 Franguntur
488 980 623 1075 remi3
654 998 743 1058 tum
763 1006 882 1086 prora
902 981 1059 1075 avertit,
1081 999 1120 1059 et
1138 981 1254 1060 undis

210 1094 292 1172 Dat
312 1093 413 1169 latus
432 1123 443 1187 ;
474 1092 702 1200 insequitur
722 1092 884 1171 cumulo
903 1113 1137 1200 praeruptus
1156 1119 1279 1201 aquae
1298 1120 1425 1174 mons.

210 1204 271 1282 Hi
292 1230 451 1281 summo
471 1203 514 1281 in
535 1202 661 1282 fluctu
680 1201 858 1310 pendent
876 1234 887 1299 ;
919 1204 982 1285 his
1002 1204 1109 1283 unda
1129 1204 1330 1293 dehiscens

206 1318 375 1395 Terram
397 1316 502 1394 inter
521 1314 665 1395 fluctus
681 1317 810 1424 aperit
831 1348 841 1411 ;
871 1312 971 1395 furit
991 1335 1117 1396 aestus
1136 1315 1301 1397 harenis.

207 1430 307 1507 Tres
328 1429 464 1507 Notus
484 1428 663 1536 abreptas
684 1429 726 1506 in
746 1455 838 1507 saxa
856 1430 1019 1507 latentia
1039 1448 1253 1536 torquet-

210 1542 311 1619 Saxa
329 1559 477 1619 vocant
500 1539 593 1619 Itali
615 1540 759 1619 mediis
781 1567 882 1649 quae
902 1542 944 1620 in
964 1540 1151 1621 fluctibus
1171 1543 1328 1622 Aras—

207 1653 387 1732 Dorsum
408 1655 571 1731 inmane
591 1653 693 1731 mari
713 1680 904 1749 summo,
893 1686 903 1703 ·
936 1673 1013 1733 tres
1035 1655 1163 1733 Eurus
1183 1654 1231 1734 ab
1253 1655 1333 1733 alto

208 1764 256 1844 In
277 1764 414 1844 brevia
435 1784 475 1844 et
496 1766 627 1872 Syrtes
646 1783 807 1871 urguet,
827 1765 1109 1846 miserabile
1070 1792 1170 1860 vasu,

207 1876 432 1984 Inliditque
451 1876 562 1955 vadis
583 1894 704 1983 atque
724 1902 868 1983 aggere
888 1878 1017 1983 cingit
1036 1876 1214 1956 har'enae.

209 1989 359 2084 Unam,
380 2015 482 2096 quae
504 1989 649 2117 Lycios
668 1983 878 2095 fidumque
896 1987 1070 2068 vehebat
1089 1986 1282 2082 Oronten,

208 2100 337 2207 Ipsius
358 2119 448 2178 ante
469 2101 636 2179 oculos
625 2127 765 2208 ingens
786 2101 976 2180 avertice
998 2119 1141 2208 pontus

207 2212 256 2292 In
277 2213 451 2320 puppim
470 2209 591 2291 ferit:
624 2213 828 2291 excutitur
847 2218 1077 2320 pronusque
1096 2212 1282 2319 magister

205 2325 395 2404 Volvitur
415 2326 457 2403 in
479 2350 600 2431 caput
621 2353 632 2419 ;
663 2342 721 2402 ast
742 2325 852 2402 illam
873 2345 933 2403 te'r
951 2323 1095 2404 fluctus
1114 2322 1264 2403 ibidem

204 2439 391 2543 Torquet
411 2461 531 2542 agens
552 2437 720 2545 circum,
741 2454 781 2514 et
801 2436 961 2542 rapidus
981 2454 1094 2515 vorat
1112 2462 1280 2543 aequore
1299 2455 1449 2518 vertex.

205 2548 416 2656 Adparent
436 2549 514 2625 rari
535 2566 672 2626 nantes
692 2547 735 2625 in
755 2549 917 2655 gurgite
935 2567 1059 2643 vasto,

206 2661 334 2739 Arma
352 2660 503 2754 virum,
524 2658 776 2766 tabulaeque,
798 2679 837 2739 et
856 2659 982 2738 Troia
1001 2686 1098 2767 gaza
1116 2686 1187 2767 per
1204 2658 1339 2740 undas.

207 2771 294 2850 Iarn
314 2771 492 2850 validam
512 2769 657 2849 Ilionei
677 2797 832 2867 navem,
854 2770 937 2851 iam
956 2768 1069 2851 fortis
1088 2770 1279 2869 Achatae,

206 2884 261 2963 Et
281 2911 361 2990 qua
380 2902 517 2962 vectus
537 2882 658 2977 Abas,
680 2900 720 2961 et
740 2910 820 2990 qua
840 2883 1085 2989 grandaevus
1105 2884 1251 2978 Aletes,

205 2996 320 3075 Vicit
341 2994 527 3125 hiemps;
557 2995 656 3073 laxis
675 2995 847 3072 laterum
868 2995 1130 3125 conpagibus
1135 3020 1270 3074 omnes

205 3108 464 3214 Accipiunt
453 3109 672 3187 inimicum
691 3105 932 3202 imbrem,
900 3108 1094 3216 nmisque
1113 3102 1312 3187 fatiscunt.

262 3330 421 3410 Interea
439 3356 588 3437 magno
610 3329 769 3409 misceri
789 3356 997 3409 murmure
1016 3349 1201 3441 pontum,

206 3444 485 3551 Emissamque
505 3441 684 3519 hiemem
703 3443 825 3522 sensit
845 3443 1063 3550 Neptunus
1084 3460 1123 3522 et
1142 3442 1232 3522 imis

208 3556 354 3662 Stagna
374 3553 503 3632 refusa
523 3553 647 3648 vadis,
669 3555 844 3661 graviter
863 3573 1093 3634 commotus
1113 3582 1123 3633 :
1154 3573 1195 3633 et
1213 3555 1292 3632 alto
1339 3573 1342 3579 ’

206 3667 470 3774 prospiciens,
491 3693 648 3744 summa
667 3665 873 3772 placidum
893 3684 1014 3773 caput
1034 3667 1177 3746 extulit
1195 3664 1318 3744 unda.

112 3839 115 3843 -
205 3781 429 3859 Disiectam
448 3780 610 3857 Aeneae
630 3796 715 3857 toto
735 3777 847 3856 videt
866 3804 1038 3885 aequore
1058 3779 1230 3873 classem,

204 3891 413 3970 Fluctibus
434 3915 639 3997 oppressos
656 3891 782 3968 Troas
802 3889 981 3997 caelique
1001 3891 1128 3985 ruina,

203 4004 294 4082 Nec
314 4004 465 4081 latuere
487 4000 570 4079 doli
588 3998 752 4079 fratrem
774 4000 939 4079 lunonis
959 4019 1000 4079 et
1019 4003 1111 4082 irae.

204 4116 360 4194 Eurum
380 4114 428 4191 ad
449 4140 489 4191 se
508 4111 826 4221 Zephyrumque
845 4131 976 4209 vocat,
998 4113 1143 4194 dehinc
1163 4114 1257 4192 talia
1274 4110 1406 4194 fatur:
