3584 4522
183 437 295 515 Nam
316 464 447 545 neque
468 455 579 516 erant
600 457 796 516 astrorum
816 437 941 544 ignes,
959 463 1033 516 nec
1050 436 1206 516 lucidus
1223 435 1362 515 aethra

184 548 345 628 Siderea
364 552 493 657 polus,
515 548 683 628 obscuro
702 549 768 629 sed
787 549 925 628 nubila
943 551 1064 643 caelo,

183 661 238 740 Et
258 663 420 741 Lunam
440 662 483 740 in
499 659 641 740 nimbo
660 689 742 741 nox
760 663 998 768 intempesta
1018 660 1187 740 tenebat.

243 886 406 963 Postera
425 883 588 990 iamque
609 884 691 964 dies
711 886 844 991 primo
863 885 1047 992 surgebat
1068 886 1167 974 Eoo,

186 997 490 1102 Umentemque
511 1000 669 1075 Aurora
688 998 782 1104 polo
801 995 1022 1076 dimoverat
1041 997 1250 1077 umbram:

185 1109 294 1186 Cum
314 1106 448 1186 subito
469 1134 491 1186 e
510 1109 631 1204 silvis,
652 1110 780 1187 macie
799 1106 980 1188 confecta
998 1135 1193 1216 suprema,

184 1219 320 1325 Ignoti
342 1247 447 1298 nova
465 1218 594 1299 forma
613 1221 690 1299 viri
710 1221 1010 1327 miserandaque
1029 1222 1139 1299 cultu

187 1332 374 1410 Procedit
394 1334 644 1440 supplexque
664 1358 803 1412 manus
823 1333 871 1412 ad
891 1334 1007 1410 litora
1027 1332 1166 1412 tendit.

187 1444 456 1550 Respicimus.
517 1445 617 1523 Dira
637 1445 805 1524 inluvies
824 1445 1062 1552 inmissaque
1082 1443 1213 1539 barba,

185 1556 429 1635 Consertum
449 1576 639 1662 tegumen
662 1557 783 1661 spinis
800 1589 810 1651 ;
841 1577 880 1633 at
900 1576 1028 1634 cetera
1049 1556 1205 1650 Graius,

185 1668 240 1746 Et
260 1668 467 1775 quondam
481 1670 618 1776 patriis
639 1667 687 1746 ad
706 1667 872 1746 Troiam
892 1671 1030 1747 missus
1049 1670 1090 1746 in
1111 1668 1240 1746 armis.

185 1778 305 1886 Isque
326 1780 396 1858 ubi
419 1780 643 1859 Dardanios
663 1779 827 1859 habitus
848 1799 886 1858 et
906 1782 1028 1858 Troia
1046 1779 1150 1858 vidit

184 1892 312 1968 Arma
332 1894 488 1999 procul,
508 1894 675 1998 paulurn
695 1913 856 1999 aspectu
876 1894 1110 1971 conterritus
1129 1890 1268 1984 haesit,

183 2003 481 2110 Continuitque
501 2004 671 2109 gradum
688 2036 698 2099 3
728 2031 826 2082 mox
845 2031 925 2083 sese
942 2003 989 2083 ad
1008 2005 1123 2083 litora
1140 2028 1328 2111 praeceps

186 2115 294 2192 Cum
314 2113 411 2193 fletu
430 2115 697 2222 precibusque
717 2118 836 2194 tulit:
870 2117 944 2194 Per
964 2117 1087 2194 sidera
1107 2135 1241 2211 testor,

186 2226 261 2303 Per
281 2253 442 2334 superos
464 2246 582 2333 atque
603 2225 681 2305 hoc
702 2227 798 2305 caeli
818 2227 1003 2335 spirabile
1017 2229 1167 2322 lumen,

183 2337 333 2416 Tollite
354 2365 433 2433 me,
454 2338 604 2417 Teucri
623 2370 633 2432 ;
665 2364 934 2445 quascumque
955 2339 1138 2418 abducite
1158 2358 1277 2416 terras
1295 2369 1305 2433 ;

186 2449 283 2526 Hoc
303 2470 360 2528 sat
382 2452 472 2529 erit.
528 2449 617 2528 Scio
636 2477 703 2528 me
723 2450 870 2528 Danais
890 2478 912 2529 e
931 2451 1113 2530 classibus
1132 2476 1272 2543 unum,

184 2560 238 2638 Et
260 2562 364 2640 bello
385 2562 529 2640 Iliacos
548 2559 673 2639 fateor
691 2563 848 2668 petiisse
870 2562 1045 2640 Penates.

187 2673 265 2750 Pro
287 2701 382 2780 quo,
403 2676 435 2753 si
457 2675 614 2753 sceleris
635 2691 743 2752 tanta
762 2693 820 2752 est
839 2675 986 2752 iniuria
1004 2674 1140 2767 nostri,

184 2785 366 2892 Spargite
386 2813 453 2863 me
473 2787 515 2864 in
536 2783 692 2881 fluctus,
712 2804 900 2892 vastoque
915 2786 1129 2891 inmergite
1149 2804 1289 2891 ponto.

184 2896 224 2974 Si
244 2925 379 3004 perce,
400 2897 617 2976 hominum
636 2896 820 2976 manibus
839 2897 1000 3004 periisse
1020 2896 1187 2976 iuvabit.

241 3120 426 3216 Dixerat,
447 3141 487 3199 et
507 3120 636 3229 genua
655 3122 859 3227 amplexus
880 3121 1125 3227 genibusque
1143 3121 1326 3200 volutans

186 3230 404 3311 Haerebat.
466 3234 551 3319 Qui
572 3233 635 3329 sit,
655 3231 741 3327 fari,
763 3259 843 3338 quo
862 3234 1053 3339 sanguine
1073 3251 1212 3326 cretus,

184 3343 440 3440 Hortamur;
473 3371 574 3452 quae
594 3344 738 3423 deinde
758 3344 882 3451 agitet
901 3342 1073 3438 fortuna,
1094 3340 1222 3422 fateri.

185 3453 275 3560 Ipse
295 3478 408 3562 pater
428 3456 612 3535 dextram
632 3455 840 3551 Anchises,
862 3455 970 3535 haud
990 3456 1116 3534 multa
1135 3473 1324 3550 moratus,

184 3566 266 3646 Dat
287 3569 438 3663 iuveni,
460 3590 580 3676 atque
599 3572 780 3647 animum
799 3571 995 3675 praesenti
1015 3570 1184 3677 pignore
1203 3563 1351 3647 firmat.

184 3677 258 3756 llle
281 3678 393 3775 haec,
415 3680 600 3787 deposita
619 3681 779 3760 tandem
799 3679 1028 3775 formidine,
1048 3678 1179 3758 fatur:

240 3901 338 3980 Sum
357 3904 488 4009 patria
508 3930 558 3981 ex
579 3903 732 3998 Ithaca,
753 3930 886 3982 comes
906 3901 1072 3982 infelicis
1094 3900 1222 3997 Ulixi,

185 4014 366 4092 Nomine
386 4013 695 4109 Achemenides‚
715 4016 882 4092 Troiam
902 4015 1080 4120 genitore
1100 4013 1317 4094 Adamasto

184 4126 708 4233 Paupere-mansissetque
729 4127 885 4204 utinam
904 4123 1064 4204 fortuna
1085 4123 1365 4232 l-profectus.

183 4239 270 4316 Hic
291 4265 371 4332 me,
392 4237 491 4316 dum
512 4239 657 4345 trepidi
679 4239 852 4317 crudelia
871 4238 1010 4316 limina
1029 4237 1229 4344 linquunt,

183 4348 431 4429 Inmemores
451 4352 549 4429 socii
568 4369 677 4429 vasto
699 4350 887 4459 Cyclopis
906 4351 948 4427 in
968 4368 1079 4428 antro
