3584 4522
192 463 321 541 Arma
340 464 418 543 diu·
430 466 561 544 senior
580 463 740 542 desueta
759 463 1019 543 trementibus
1039 490 1134 542 aevo

195 575 431 655 Circumdat
451 577 698 683 nequiquam
719 577 879 670 umeris,
900 592 940 652 et
958 576 1101 655 inutile
1120 573 1269 655 ferrum

196 688 401 795 Cingitur,
423 716 468 768 ac
490 687 628 766 densos
648 684 773 766 fertur
793 687 1010 766 moriturus
1029 689 1072 766 in
1091 688 1236 768 hostes.

251 910 432 1002 Aedibus
453 911 495 988 in
516 909 659 991 mediis
679 911 868 1018 nudoque
887 908 959 988 sub
980 910 1148 1017 aetheris
1166 938 1240 991 axe

195 1021 342 1129 Ingens
363 1050 428 1101 ara
447 1019 525 1101 fuit
545 1024 738 1130 iuxtaque
756 1022 970 1100 veterrima
987 1023 1133 1117 laurus,

194 1133 440 1214 Incumbens
461 1162 547 1213 arae
568 1154 688 1241 atque
709 1134 851 1213 umbra
870 1135 1062 1241 conplexa
1081 1133 1259 1216 Penates.

194 1247 282 1325 Hic
303 1245 478 1324 Hecuba
498 1267 537 1325 et
556 1267 670 1325 natae
690 1247 938 1353 nequiquam
957 1244 1093 1324 altaria
1112 1247 1278 1344 circum,

194 1358 435 1465 Praecipites
456 1378 539 1437 atra
558 1386 630 1438 ceu
652 1377 885 1466 tempestate
906 1357 1127 1453 columbae,

192 1470 424 1549 Condensae
445 1490 484 1548 et
505 1472 643 1549 divom
663 1472 867 1579 amplexae
887 1471 1094 1549 simulacra
1113 1470 1311 1550 sedebant.

192 1580 333 1688 Ipsum
350 1602 484 1660 autem
505 1585 675 1691 sumptis
697 1583 903 1660 Priamum
925 1582 1173 1661 iuvenalibus
1194 1585 1313 1663 armis

193 1693 254 1772 Ut
272 1695 391 1789 vidit,
414 1695 529 1780 Quae
549 1721 661 1773 mens
680 1715 764 1772 tam
785 1695 883 1787 dira,
904 1695 1125 1772 miserrime
1144 1697 1334 1793 coniunx,

192 1804 348 1913 Inpulit
369 1808 431 1885 his
453 1808 562 1912 cingi
583 1807 670 1885 telis
691 1808 704 1885 l
735 1824 802 1883 aut
824 1832 904 1911 quo
925 1807 1005 1883 ruis
1024 1807 1038 1883 i
1070 1807 1215 1913 inquit.

193 1918 290 1996 Non
312 1920 384 1997 tali
406 1920 556 1997 auxilio
577 1945 649 1996 nec
670 1915 939 1996 defensoribus
959 1918 1043 1995 istis

189 2032 372 2137 Tempus
392 2050 484 2136 eget
504 2061 514 2123 ;
546 2057 639 2124 non,
660 2032 692 2108 si
712 2032 795 2137 ipse
816 2056 927 2107 meus
947 2056 1055 2108 nunc
1075 2028 1227 2109 adforet
1247 2030 1417 2114 Hector.

190 2141 291 2219 Huc
313 2142 474 2219 tandem
495 2142 668 2220 concede
689 2174 699 2236 ;
731 2142 828 2221 haec
848 2168 914 2219 ara
934 2141 1112 2220 tuebitur
1132 2170 1282 2239 omnes,

189 2255 277 2331 Aut
298 2255 470 2331 moriere
490 2255 621 2332 simul.
681 2254 745 2332 Sic
766 2281 833 2332 ore
853 2254 971 2332 effata
991 2255 1143 2360 recepit

189 2365 257 2443 Ad
278 2392 358 2443 sese
379 2384 418 2443 et
439 2391 545 2443 sacra
562 2367 804 2471 longaevum
824 2367 865 2444 in
887 2364 975 2444 sede
996 2367 1157 2444 locavit.

248 2588 353 2665 Ecce
373 2607 507 2666 autem
528 2589 678 2696 elapsus
700 2588 845 2697 Pyrrhi
865 2587 915 2666 de
935 2587 1052 2665 caede
1075 2588 1233 2684 Polites,

191 2699 308 2778 Unus
328 2719 516 2778 natorum
538 2700 702 2794 Priami,
718 2727 789 2807 per
809 2701 898 2793 tela,
919 2725 989 2805 per
1005 2699 1134 2778 hostes

190 2811 416 2890 Porticibus
436 2813 567 2918 longis
586 2809 706 2918 fugit,
726 2830 764 2889 et
785 2838 910 2890 vacua
929 2811 1027 2889 atria
1047 2812 1185 2890 lustrat

190 2923 381 3002 Saucius:
414 2925 529 3001 illum
550 2923 686 3002 ardens
705 2921 849 3001 infesto
868 2924 1028 3001 volnere
1050 2923 1223 3033 Pyrrhus

187 3034 432 3140 Insequitur,
453 3036 534 3113 iam
554 3036 714 3142 iamque
734 3062 856 3113 manu
878 3053 985 3113 tenet
1006 3054 1045 3113 et
1065 3036 1213 3142 premit
1232 3034 1372 3116 hasta:

188 3147 249 3224 Ut
269 3146 431 3223 tandem
452 3165 544 3224 ante
564 3148 699 3225 oculos
719 3148 842 3225 evasit
863 3165 903 3225 et
922 3174 990 3225 ora
1009 3167 1233 3255 parentum,

187 3258 393 3352 Concidit,
413 3284 458 3336 ac
479 3259 608 3338 multo
626 3260 752 3337 vitam
772 3286 867 3337 cum
886 3262 1077 3366 sanguine
1097 3258 1213 3339 fudit.

187 3370 273 3448 Hic
294 3369 491 3464 Priamus,
512 3398 757 3477 quamquam
777 3373 818 3450 in
839 3373 971 3450 media
991 3373 1072 3451 iam
1093 3390 1222 3451 morte
1243 3390 1414 3468 tenetur,

187 3482 284 3559 Non
305 3501 440 3560 tamen
462 3482 665 3578 abstinuit,
686 3510 759 3562 nec
777 3486 869 3562 voci
889 3486 1048 3590 iraeque
1068 3485 1258 3592 pepercit.

242 3707 300 3783 At
322 3705 397 3782 tibi
418 3732 492 3811 pro
513 3707 668 3799 scelere,
689 3707 897 3801 exclamat,
917 3733 990 3813 pro
1012 3705 1156 3785 talibus
1177 3707 1293 3800 ausis,

184 3819 256 3912 Di,
277 3817 309 3895 si
330 3843 410 3922 qua
430 3836 488 3895 est
508 3818 614 3895 caelo
635 3819 772 3924 pietas,
794 3845 895 3923 quae
916 3819 1008 3895 talia
1027 3836 1150 3911 curet,

184 3929 415 4008 Persolvant
436 3947 564 4034 grates
584 3929 721 4034 dignas
740 3949 780 4007 et
800 3930 976 4036 praemia
995 3929 1160 4007 reddant

184 4041 350 4132 Debita,
372 4042 443 4146 qui
465 4042 549 4118 nati
569 4066 704 4118 coram
724 4066 790 4118 me
811 4067 971 4119 cernere
991 4041 1117 4118 letum

183 4153 331 4232 Fecisti
354 4171 394 4228 et
413 4153 563 4258 patrios
581 4149 746 4231 foedasti
766 4148 904 4230 funere
923 4152 1066 4230 voltus.

181 4268 240 4343 At
261 4292 341 4343 non
363 4264 442 4359 ille,
464 4282 592 4342 satum
613 4291 693 4370 quo
714 4282 753 4341 te
773 4264 967 4414 menotiris,
986 4264 1166 4344 Achilles
