3584 4522
184 432 379 542 Desuper
398 431 661 539 horrentique
679 452 810 513 atrurn
829 461 968 515 nemus
987 437 1177 517 imminet
1196 439 1341 520 umbra
1356 473 1369 538 ;

183 543 345 626 Fronte
364 547 437 628 sub
458 543 620 624 adversa
638 547 808 655 scopulis
826 547 1091 656 pendentibus
1111 570 1284 648 antrum,

178 657 307 741 Intus
326 686 453 766 aquae
474 656 608 736 dulces
626 658 801 766 vivoque
812 658 950 738 sedilia
964 688 1071 756 saxo,

178 770 486 877 Nympharum
507 766 677 850 domus:
707 771 776 849 hic
794 768 909 850 fessas
928 800 1008 852 non
1027 775 1188 852 vincula
1206 801 1324 856 naves

179 882 286 963 Ulla
307 901 462 977 tenent,
484 908 590 960 unco
609 909 690 962 non
710 884 846 991 alligat
864 911 1007 963 ancora
1025 912 1173 966 morsu.

180 993 291 1077 Huc
311 1013 466 1101 septem
529 1020 647 1075 eneas
656 996 1013 1082 collectisnavibus
1033 998 1145 1076 omni

179 1108 255 1189 Ex
272 1132 513 1226 numerosu
487 1096 657 1205 uit;a
635 1133 843 1239 “pugno
857 1109 1010 1189 tellurrs
1022 1136 1158 1188 amore

179 1188 387 1324 Egressi
367 1218 507 1327 optata
525 1171 874 1327 potiuntuiTroes
884 1218 1031 1300 harena

180 1331 242 1411 Et
262 1333 339 1410 sale
359 1333 540 1412 tabentes
555 1350 661 1411 artus
679 1333 721 1411 in
740 1333 857 1412 litore
870 1353 1038 1440 ponunt.

181 1447 252 1525 Ac
271 1444 454 1551 primum
476 1442 583 1525 silici
597 1445 811 1524 scrntrllam
823 1445 986 1524 excudit
998 1442 1176 1526 Achates

181 1556 456 1666 succepitque
477 1558 616 1663 ignem
631 1554 737 1638 foliis
756 1576 876 1664 atque
889 1559 997 1637 arida
1016 1559 1169 1637 circum

182 1667 450 1748 Nutrimenta
469 1668 581 1748 dedit
601 1670 811 1777 rapuitque
830 1670 873 1747 in
892 1666 1034 1750 fomite
1053 1668 1270 1749 flammam.

179 1781 295 1859 Turn
317 1781 508 1861 Cererem
528 1799 759 1887 corruptam
777 1780 894 1861 undis
915 1783 1228 1889 Cerealiaque
1192 1809 1302 1861 arma

180 1891 420 1999 Expediunt
439 1890 529 1972 fessi
550 1919 695 1986 rerum,
715 1888 925 2000 frugesque
944 1913 1119 2001 receptas

181 2003 238 2084 Et
258 2021 410 2084 torrere
429 2023 572 2113 parant
591 2003 763 2085 flammis
783 2021 824 2083 et
843 2001 1022 2112 frangere
1042 2031 1149 2084 saxo.

237 2229 393 2307 Aeneas
413 2231 626 2336 scopulum
645 2228 796 2308 interea
815 2230 1046 2308 conscendit
1066 2248 1107 2308 et
1126 2256 1291 2308 ornnem

179 2339 448 2448 Prospectum
470 2342 547 2419 late
566 2342 709 2449 pelago
730 2343 844 2448 petit,
865 2341 1027 2421 Anthea
1046 2343 1078 2421 si
1099 2368 1222 2449 quern

179 2451 385 2530 lactatum
404 2471 529 2532 vento
549 2452 684 2532 videat
704 2453 977 2562 Phrygiasque
997 2453 1181 2548 biremes,

176 2563 266 2642 Aut
287 2564 445 2673 Capyn,
467 2583 536 2643 aut
555 2565 667 2644 celsis
687 2565 729 2643 in
748 2565 951 2673 puppibus
970 2592 1080 2643 arma
1099 2565 1227 2644 Caici.

176 2675 341 2755 Navem
361 2678 404 2755 in
426 2695 646 2784 conspectu
665 2676 832 2772 nullam,
853 2695 930 2757 tres
949 2677 1066 2756 litore
1085 2703 1221 2756 cervos

176 2787 379 2897 Prospicit
400 2807 575 2868 errantes
593 2818 604 2884 ;
636 2787 707 2869 hos
728 2807 812 2867 tota
831 2807 1010 2868 armenta
1030 2808 1253 2897 sequuntur

174 2901 214 2979 A
237 2919 367 3007 tergo,
388 2920 428 2980 et
447 2902 619 3008 longum
637 2926 709 3009 per
726 2901 848 2980 valles
868 2901 1043 3008 pascitur
1062 2927 1221 3009 agmen.

176 3011 375 3092 Constitit
395 3013 480 3107 hic,
501 3036 720 3120 arcumque
739 3040 860 3091 manu
880 3014 1102 3121 celeresque
1122 3015 1285 3120 sagittas

174 3123 401 3233 Corripuit,
421 3121 524 3203 fidus
545 3151 647 3231 quae
667 3125 744 3203 tela
763 3123 924 3232 gerebat
942 3125 1132 3221 Achates,
1162 3149 1164 3152 ’

173 3235 457 3344 Ductoresque
478 3237 584 3343 ipsos
603 3237 795 3343 primum,
816 3236 947 3344 capita
966 3236 1043 3316 alta
1061 3234 1231 3317 ferentes

174 3347 380 3429 Cornibus
401 3351 590 3444 arboreis,
611 3350 765 3445 sternit,
787 3366 873 3427 turn
892 3349 1046 3455 volgus,
1067 3369 1107 3429 et
1127 3376 1293 3430 ornnem

175 3459 330 3539 Miscet
352 3487 474 3567 agens
494 3462 582 3541 telis
602 3486 765 3540 nemora
784 3462 887 3540 inter
905 3458 1070 3540 frondea
1089 3461 1249 3540 turbam
1270 3493 1281 3558 ;

173 3570 266 3650 Nec
286 3573 400 3679 prius
421 3572 589 3668 absistit,
611 3599 732 3680 quam
752 3590 905 3680 septem
925 3574 1105 3679 ingentia
1124 3573 1256 3652 victor

174 3682 357 3791 Corpora
376 3681 522 3763 fundat
541 3683 659 3763 humi
680 3702 720 3764 et
739 3711 952 3764 numerum
972 3711 1066 3763 cum
1086 3685 1256 3765 navibus
1276 3707 1441 3795 aequet

174 3794 290 3874 Hinc
310 3815 477 3903 portum
497 3798 614 3902 petit,
634 3815 675 3875 et
694 3798 819 3876 socios
839 3799 1011 3904 partitur
1030 3798 1072 3875 in
1093 3823 1243 3877 omnes.

169 3906 281 3985 Vina
301 3907 430 3986 bonus
452 3935 553 4016 quae
574 3907 717 3988 deinde
737 3909 842 3989 cadis
863 3926 1042 3987 onerarat
1062 3910 1225 3988 Acestes

171 4018 313 4098 Litore
332 4020 546 4098 Trinacrio
567 4018 809 4127 dederatque
829 4018 1065 4099 abeuntibus
1087 4018 1215 4115 heros,

171 4130 349 4227 Dividit,
370 4150 409 4210 et
430 4131 548 4210 dictis
569 4134 784 4210 maerentia
803 4150 965 4239 pectora
985 4131 1162 4211 mulcet:

1499 3940 1574 4022 195
