3584 4522
220 375 280 453 Ut
301 376 479 482 primum
501 376 611 455 alatis
633 376 767 483 tetigit
786 378 956 484 magalia
975 379 1132 486 plantis,

220 490 389 566 Aenean
410 485 646 567 fundantem
667 516 771 568 arces
791 517 836 569 ae
858 510 961 570 tecta
980 510 1193 570 novantem

221 601 461 710 Conspicit:
494 619 615 706 atque
635 602 693 679 illi
713 603 885 681 stellatus
905 603 1054 711 iaspide
1073 600 1181 682 fulva

219 712 336 792 Ensis
357 732 454 807 erat,
474 713 686 820 Tyrioque
706 713 865 792 ardebat
886 717 1039 793 murice
1058 716 1169 793 laena

221 826 406 904 Demissa
427 851 477 902 ex
498 829 660 920 umeris,
681 826 788 905 dives
809 853 911 932 quae
931 854 1093 905 munera
1115 826 1223 906 Dido

221 937 254 1041 ξ
258 956 387 1016 ecerat
408 955 446 1015 et
468 939 578 1016 tenui
600 940 694 1017 telas
713 939 948 1018 discreverat
967 966 1086 1046 auroq

175 1046 429 1155 ,jssContinuo
450 1048 632 1128 invadit:
663 1052 730 1128 Tu
751 1078 857 1130 nunc
878 1051 1136 1157 Karthaginis
1156 1051 1255 1129 altae

221 1161 504 1240 Fundamenta
524 1163 640 1257 locas,
661 1161 948 1270 pulchramque
969 1165 1130 1241 uxorius
1150 1163 1290 1243 urbem

220 1274 404 1359 Exstruis
424 1277 447 1352 l·
470 1272 551 1352 heu
572 1277 684 1382 regni
707 1302 917 1382 rerumque
938 1274 1060 1353 oblite
1080 1294 1237 1353 tuarum
1258 1276 1267 1354 l

220 1385 311 1493 Ipse
333 1386 453 1493 deum
475 1388 550 1466 tibi
570 1414 635 1465 me
657 1388 762 1465 claro
782 1386 959 1465 demittit
981 1387 1157 1494 Olympo

221 1499 443 1605 Regnator,
465 1499 619 1577 caelum
641 1518 679 1576 et
700 1518 817 1576 terras
838 1500 908 1604 qui
929 1501 1095 1576 numine
1115 1518 1274 1605 torquet
1294 1530 1304 1594 ;

220 1611 310 1718 Ipse
331 1611 429 1689 haec
449 1607 551 1689 ferre
572 1610 683 1689 iubet
704 1613 845 1688 celeres
866 1611 1048 1689 mandata
1069 1638 1139 1719 per
1158 1637 1294 1689 auras:
1325 1670 1337 1681 ..
1433 1638 1436 1645 ·

220 1723 331 1808 Quid
353 1724 472 1802 struis
493 1727 506 1802 l
539 1742 606 1800 aut
628 1750 704 1830 qua
724 1751 791 1829 spe
812 1722 974 1831 Libycis
994 1725 1085 1802 teris
1104 1725 1186 1801 otia
1206 1724 1349 1802 terris?

220 1834 260 1912 Si
283 1854 322 1914 te
343 1838 451 1913 nulla
471 1854 608 1914 movet
629 1853 827 1913 tantarum
847 1838 971 1941 gloria
991 1863 1123 1914 rerum

220 1947 311 2025 Nec
331 1974 449 2054 super
470 1949 555 2053 ipse
576 1966 644 2026 tua
665 1949 816 2026 moliris
835 1948 950 2027 laude
970 1948 1159 2041 laborem,

219 2060 440 2137 Ascanium
461 2078 691 2165 surgentem
711 2079 749 2137 et
769 2086 854 2167 spes
875 2060 1027 2138 heredis
1049 2059 1127 2137 Iuli

221 2171 406 2276 Respice,
428 2171 494 2248 cui
516 2195 686 2275 regnum
707 2170 844 2249 Italiae
867 2171 1126 2278 Romanaque
1147 2170 1261 2249 tellus

220 2281 443 2361 Debentur.
503 2281 595 2359 Tali
617 2282 819 2389 Cyllenius
839 2310 905 2360 ore
924 2284 1077 2361 locutus

219 2394 418 2472 Mortales
437 2394 545 2471 visus
564 2393 698 2470 medio
718 2420 897 2471 sermone
918 2394 1091 2500 reliquit,

219 2507 274 2585 Et
294 2507 437 2613 procul
457 2506 499 2583 in
522 2525 684 2583 tenuem
703 2531 752 2582 ex
772 2506 895 2583 oculis
915 2507 1072 2583 evanuit
1093 2531 1241 2583 auram.
1469 2556 1474 2566 ·

274 2840 333 2918 At
353 2866 448 2917 vero
470 2839 625 2917 Aeneas
645 2858 805 2946 aspectu
826 2839 1032 2918 obmutuit
1051 2865 1196 2936 amens,

217 2952 492 3057 Arrectaeque
513 2950 677 3029 horrore
697 2977 846 3046 comae,
868 2970 907 3028 et
926 2978 1007 3029 vox
1026 2948 1202 3030 faucibus
1222 2949 1361 3030 haesit.

217 3062 347 3142 Ardet
366 3062 478 3141 abire
499 3058 594 3168 fuga
615 3064 826 3191 dulcesque
846 3064 1067 3169 relinquere
1088 3081 1219 3156 terras,

217 3176 431 3254 Attonitus
451 3192 564 3252 tanto
584 3176 744 3253 monitu
764 3176 1014 3302 imperioque
1034 3173 1212 3252 deorum.

217 3286 317 3364 Heu
337 3285 436 3392 quid
458 3289 579 3391 agat?
611 3313 692 3392 quo
712 3314 819 3364 nunc
840 3287 1020 3392 reginam
1040 3286 1190 3364 ambire
1210 3281 1408 3362 furentem

216 3396 378 3475 Audeat
399 3394 533 3475 adfatu
553 3400 567 3475 l
599 3424 700 3503 quae
719 3400 848 3505 prima
868 3398 1029 3476 exordia
1047 3398 1207 3475 sumat?

216 3511 356 3614 Atque
376 3510 561 3587 animum
580 3536 686 3588 nunc
706 3507 785 3588 huc
805 3512 987 3605 celerem,
1008 3536 1112 3588 nunc
1132 3507 1275 3586 dividit
1295 3507 1404 3603 illuc,

216 3620 263 3698 In
285 3638 497 3727 partesque
518 3621 622 3728 rapit
642 3622 767 3700 varias
786 3649 936 3749 perque
956 3622 1090 3699 omnia
1108 3638 1246 3698 versat.

216 3732 333 3810 Haec
353 3733 565 3810 alternanti
586 3735 720 3840 potior
740 3735 935 3812 sententia
954 3736 1035 3811 visa
1055 3751 1159 3815 est:

215 3841 434 3922 Mnesthea
455 3843 760 3950 Sergestumque
779 3863 894 3922 vocat
915 3841 1140 3950 fortemque
1158 3843 1369 3938 Serestum,

216 3956 392 4034 Classem
413 3973 552 4063 aptent
573 3957 684 4032 taciti
705 3956 910 4062 sociosque
928 3955 978 4032 ad
999 3956 1124 4033 litora
1133 3972 1290 4059 cogant,

214 4070 342 4146 Arma
362 4085 515 4174 parent,
537 4084 589 4160 et,
606 4093 706 4172 quae
727 4068 840 4145 rebus
860 4068 1044 4145 sitcausa
1063 4064 1266 4160 novandis,

214 4179 511 4272 Dissimulent3
544 4203 623 4255 sese
644 4180 806 4272 interea,
828 4178 987 4284 quando
1008 4196 1175 4285 optuma
1192 4177 1302 4256 Dido

884 4315 898 4326 .
909 4289 929 4326 L
937 4288 957 4326 0
