3584 4522
165 518 170 529 ι
207 417 322 503 Quid
342 418 455 499 meus
475 421 632 499 Aeneas
652 419 694 497 in
715 438 754 498 te
774 419 1033 499 committere
1053 438 1221 516 tantum,

207 530 321 616 Quid
334 535 461 611 Troes
480 551 658 639 potuere,
681 529 838 639 quibus,
859 550 920 611 tot
940 529 1077 611 funera
1095 534 1226 640 passis,

207 643 389 723 Cunctus
409 645 461 723 ob
483 643 642 722 Italiam
661 662 855 722 terrarum
874 644 1070 724 clauditur
1089 642 1222 725 orbis?

208 755 327 834 Certe
347 756 444 833 hinc
467 756 671 834 Romanos
691 755 802 851 olim,
821 757 1074 836 volventibus
1094 758 1216 852 annis,

208 867 323 945 Hinc
343 865 429 945 fore
450 866 645 967 ductores,
668 885 851 946 revocato
871 895 894 946 a
913 870 1104 976 sanguine
1126 869 1288 965 Teucri,

208 978 293 1064 Qui
314 1005 438 1074 mare,
455 980 526 1086 qui
548 997 667 1057 terras
687 981 799 1058 omni
819 979 981 1059 dicione
1001 998 1193 1076 tenerent,

208 1090 432 1169 Pollicitus.
493 1091 608 1178 Quae
628 1108 680 1186 te,
702 1092 874 1198 genitor,
901 1094 1097 1171 sententia
1113 1092 1265 1170 vertit?

207 1202 305 1281 Hoc
325 1202 515 1310 equidem
536 1229 720 1282 occasum
739 1204 886 1282 Troiae
906 1205 1116 1311 tristesque
1139 1206 1270 1283 ruinas

208 1314 385 1410 Solabar,
406 1314 496 1396 fatis
517 1317 713 1394 contraria
731 1314 811 1394 fata
830 1315 1051 1424 rependens
1071 1349 1081 1412 ;

208 1427 333 1505 Nunc
354 1427 494 1507 eadem
513 1426 673 1507 fortuna
691 1429 797 1507 viros
818 1447 878 1507 tot
899 1430 1053 1508 casibus
1073 1447 1178 1507 actos

208 1537 450 1646 Insequitur.
513 1540 649 1626 Quem
669 1540 734 1620 das
754 1536 890 1636 finem,
912 1567 982 1620 rex
1000 1565 1156 1648 magne,
1176 1539 1359 1619 laborum
1379 1541 1392 1618 l

207 1652 392 1730 Antenor
412 1653 559 1759 potuit,
579 1653 720 1731 mediis
740 1655 890 1760 elapsus
910 1651 1092 1747 Achivis,

207 1761 389 1871 Illyricos
408 1783 612 1870 penetrare
631 1765 738 1843 sinus
757 1784 876 1871 atque
896 1767 1040 1843 intima
1059 1782 1166 1843 tutus

208 1875 351 1979 Regna
372 1875 660 1970 Liburnorum,
680 1894 719 1954 et
738 1874 893 1955 fontem
912 1903 1093 1984 superare
1111 1874 1286 1970 Timavi,
1354 1891 1357 1896 '

206 1986 327 2064 Unde
347 2013 418 2093 per
438 2015 505 2065 ora
525 2014 671 2066 novem
690 2006 799 2067 vasto
820 2014 915 2068 cum
934 2013 1139 2066 murmure
1157 1988 1306 2065 montis

208 2096 248 2176 It
267 2125 377 2176 mare
396 2118 638 2207 proruptum
658 2118 697 2178 et
717 2101 857 2208 pelago
877 2101 1026 2209 premit
1045 2126 1136 2178 arva
1153 2100 1321 2178 sonanti.

208 2210 296 2287 Hic
316 2228 451 2290 tamen
472 2212 539 2290 ille
559 2211 700 2292 urbem
721 2213 857 2292 Patavi
878 2211 1064 2319 sedesque
1083 2212 1229 2290 locavit

205 2323 473 2418 Teucrorum,
494 2343 534 2402 et
554 2325 665 2431 genti
686 2351 833 2403 nomen
854 2323 964 2404 dedit
984 2350 1169 2431 armaque
1188 2318 1279 2401 fixit

206 2434 344 2528 Troia,
365 2462 473 2514 nunc
493 2437 650 2544 placida
670 2455 883 2544 conpostus
902 2463 1000 2544 pace
1021 2436 1216 2542 quiescit:

206 2545 308 2641 Nos,
329 2565 400 2624 tua
421 2549 647 2654 progenies,
668 2549 766 2627 caeli
788 2548 933 2655 quibus
953 2547 1093 2626 adnuis
1113 2572 1256 2643 arcem,

207 2657 407 2753 Navibus,
428 2657 666 2738 infandum!
697 2660 861 2754 amissis,
882 2659 1000 2738 unius
1019 2658 1071 2738 ob
1092 2660 1192 2737 iram

206 2769 424 2849 Prodimur
444 2789 563 2878 atque
584 2771 693 2849 Italis
712 2772 831 2877 longe
850 2770 1119 2877 disiungimur
1137 2771 1226 2848 oris.

207 2882 294 2960 Hic
313 2884 474 2990 pietatis
494 2881 620 2962 honos
639 2885 653 2962 l
675 2882 731 2962 sic
752 2908 823 2960 nos
842 2882 885 2960 in
905 2901 1059 2990 sceptra
1078 2883 1265 2990 reponis?

264 3104 349 3184 Olli
369 3105 575 3185 subridens
596 3103 810 3183 hominum
828 3122 934 3185 sator
952 3124 1072 3212 atque
1091 3105 1257 3184 deorum

152 3218 154 3220 ’
205 3217 349 3313 Voltu,
371 3244 453 3324 quo
475 3218 628 3295 caelum
648 3235 980 3324 tempestatesque
999 3236 1163 3313 serenat,
1276 3296 1277 3299 t
1306 3299 1307 3302 t

207 3327 355 3407 Oscula
375 3327 519 3409 libavit
539 3349 664 3424 natae,
686 3326 834 3408 dehinc
854 3330 948 3407 talia
966 3327 1072 3408 fatur
1092 3357 1102 3408 t

207 3441 331 3519 Parce
350 3459 477 3536 metu,
499 3439 698 3549 Cytherea
716 3467 726 3517 t
748 3460 912 3520 manent
931 3441 1085 3520 inmota
1104 3461 1267 3521 tuorum

207 3552 307 3630 Fata
327 3552 432 3630 tibi:
464 3580 597 3632 cernes
618 3551 758 3631 urbem
779 3572 819 3632 et
837 3554 1031 3661 promissa
1050 3554 1192 3633 Lavini

208 3664 394 3758 Moenia,
416 3664 710 3772 sublimemque
730 3661 826 3743 feres
847 3664 896 3743 ad
916 3664 1041 3744 sidera
1061 3666 1158 3743 caeli

207 3776 528 3882 Magnanimum
547 3777 711 3855 Aenean
730 3806 741 3871 ;
770 3802 901 3884 neque
919 3804 986 3855 me
1005 3778 1198 3856 sententia
1216 3777 1349 3857 vertit.

207 3889 295 3966 Hic
317 3885 564 3966 tibi—fabor
583 3889 706 3984 enim,
728 3889 886 3995 quando
907 3886 1006 3966 haec
1026 3907 1065 3967 te
1086 3915 1178 3966 cura
1198 3890 1409 3986 remordet,

207 3999 390 4104 Longius
410 4018 451 4077 et
471 4001 631 4078 volvens
651 3997 828 4077 fatorum
847 4026 987 4077 arcana
1007 3998 1233 4079 movebo—

206 4111 372 4189 Bellum
393 4111 534 4217 ingens
554 4129 665 4216 geret
686 4110 802 4189 Italia
823 4112 1071 4219 populosque
1090 4108 1239 4191 feroces

207 4223 459 4318 Contundet,
479 4248 690 4329 moresque
709 4223 804 4302 viris
825 4243 865 4302 et
886 4224 1045 4302 moenia
1064 4244 1198 4331 ponet,

888 4361 901 4370 .
914 4336 931 4370 ί
