3584 4522
184 468 299 547 Hinc
320 468 426 548 sinus
449 468 658 563 Herculei,
678 469 709 547 si
729 495 822 547 vera
842 487 899 547 est
918 466 1038 565 fama,
1057 467 1222 547 Tarenti

184 580 374 659 Cernitur
392 612 402 676 余
435 580 585 657 attollit
603 606 643 659 se
663 579 755 659 diva
776 580 943 659 Lacinia
963 601 1113 675 contra,

183 693 456 798 Caulonisque
472 718 577 770 arces
599 713 639 771 et
660 690 913 799 navifragum
934 692 1176 799 Scylaceum.

181 804 294 882 Tum
314 805 455 911 procul
477 830 498 881 e
517 802 643 883 fluctu
663 805 872 883 Trinacria
893 807 1069 883 cernitur
1088 804 1232 900 Aetna,

185 916 240 994 Et
260 917 462 1022 gemitum
482 916 689 1022 ingentem
709 917 840 1023 pelagi
861 916 1092 1023 pulsataque
1113 942 1203 995 saxa

184 1028 388 1107 Audimus
407 1029 527 1134 longe
546 1026 768 1135 fractasque
788 1027 837 1106 ad
858 1028 976 1105 litora
994 1054 1126 1122 voces,

184 1139 479 1246 Exsultantque
498 1142 611 1235 vada,
633 1159 751 1245 atque
773 1158 882 1218 aestu
903 1141 1119 1217 miscentur
1138 1138 1317 1217 harenae.

186 1253 241 1329 Et
261 1271 375 1360 pater
394 1252 616 1331 Anchises:
650 1253 862 1330 Nimirum
883 1251 982 1330 haec
1003 1252 1073 1329 illa
1094 1249 1341 1358 Charybdis:

186 1364 277 1443 Hos
300 1364 480 1443 Helenus
501 1364 695 1471 scopulos,
716 1363 814 1442 haec
835 1389 926 1442 saxa
945 1362 1142 1441 horrenda
1162 1363 1338 1442 canebat.

186 1476 360 1583 Eripite,
383 1504 406 1554 o
426 1478 538 1570 socii,
559 1476 787 1583 pariterque
809 1476 1003 1581 insurgite
1024 1476 1154 1553 remis.

185 1587 312 1665 Haud
334 1590 465 1668 minus
486 1615 530 1665 ac
553 1589 646 1666 iussi
667 1583 832 1681 faciunt,
852 1588 1086 1694 primusque
1106 1587 1312 1665 rudentem

185 1701 393 1778 Contorsit
413 1703 540 1778 laevas
561 1727 723 1807 proram
744 1700 952 1777 Palinurus
973 1699 1021 1776 ad
1042 1699 1164 1778 undas
1182 1730 1192 1792 余

183 1813 360 1890 Laevam
383 1831 526 1890 cuncta
547 1812 690 1890 cohors
710 1813 829 1890 remis
848 1812 1058 1918 ventisque
1078 1812 1233 1918 petivit.

182 1926 385 2002 Tollimur
406 1925 448 2001 in
469 1925 627 2002 caelum
647 1944 810 2003 curvato
833 1926 1004 2030 gurgite,
1027 1941 1066 2001 et
1085 1923 1192 2001 idem

185 2036 390 2114 Subducta
411 2035 460 2112 ad
484 2036 628 2114 Manes
649 2038 750 2114 imos
769 2035 993 2115 desedimus
1012 2035 1130 2114 unda.

182 2148 266 2225 Ter
285 2148 439 2254 scopuli
461 2149 679 2226 clamorem
698 2150 803 2226 inter
823 2174 919 2226 cava
938 2173 1030 2225 saxa
1050 2147 1216 2225 dedere:

182 2259 267 2340 Ter
287 2286 474 2366 spumam
494 2261 631 2338 elisam
651 2279 692 2338 et
712 2262 886 2338 rorantia
904 2259 1078 2337 vidimus
1099 2278 1209 2339 astra.

184 2371 344 2450 Interea
362 2369 481 2450 fessos
501 2391 642 2450 ventus
663 2398 758 2449 cum
777 2372 858 2449 sole
880 2372 1056 2477 reliquit,

184 2484 403 2590 Ignarique
424 2484 513 2561 viae
534 2485 762 2592 Cyclopum
782 2482 1005 2562 adlabimur
1025 2482 1115 2561 oris.

243 2708 387 2784 Portus
408 2707 457 2784 ab
479 2731 634 2784 accessu
654 2724 868 2785 ventorum
881 2706 1059 2784 inmotus
1079 2723 1119 2784 et
1138 2704 1276 2810 ingens

186 2819 274 2927 Ipse
295 2850 305 2912 余
336 2819 404 2897 sed
424 2812 624 2896 horrificis
639 2817 752 2896 iuxta
772 2836 885 2896 tonat
904 2819 1040 2896 Aetna
1060 2817 1196 2908 ruinis,

185 2930 478 3036 Interdumque
499 2947 626 3007 atram
645 2931 874 3038 prorumpit
895 2929 943 3008 ad
963 2929 1122 3008 aethera
1141 2926 1302 3023 nubem,

184 3042 370 3122 Turbine
393 3039 619 3119 fumantem
638 3043 754 3148 piceo
775 3063 815 3121 et
835 3040 1029 3121 candente
1049 3038 1193 3132 favilla,

185 3154 433 3260 Attollitque
454 3152 593 3260 globos
613 3151 866 3232 flammarum
885 3171 925 3231 et
944 3152 1069 3231 sidera
1086 3151 1228 3231 lambit
1245 3182 1256 3246 3

186 3266 398 3345 Interdum
417 3266 602 3372 scopulos
622 3267 831 3372 avolsaque
851 3266 1001 3343 viscera
1020 3264 1168 3343 montis

186 3379 324 3484 Erigit
344 3396 539 3471 eructans,
560 3375 857 3484 liquefactaque
877 3403 968 3457 saxa
988 3376 1060 3456 sub
1081 3401 1190 3454 auras

186 3491 295 3568 Cum
317 3491 474 3595 gemitu
494 3490 700 3595 glomerat,
721 3486 927 3596 fundoque
946 3505 1145 3567 exaestuat
1164 3488 1261 3565 imo.

187 3602 312 3681 Fama
333 3621 390 3679 est
412 3601 604 3680 Enceladi
623 3602 860 3681 semiustum
880 3599 1048 3680 fulmine
1068 3624 1209 3705 corpus

187 3713 367 3819 Urgueri
388 3714 496 3791 mole
512 3713 599 3807 hac,
619 3714 909 3820 ingentemque
929 3715 1089 3819 insuper
1107 3709 1282 3788 Aetnam

186 3824 413 3931 Inpositam
434 3826 561 3929 ruptis
581 3823 784 3902 flammam
805 3827 1003 3931 exspirare
1024 3822 1189 3901 caminis
1209 3851 1220 3915 余

187 3940 242 4018 Et
262 3934 410 4014 fessum
430 3936 616 4041 quotiens
636 3953 766 4013 mutet
785 3936 900 4030 latus,
922 3937 1136 4014 intremere
1156 3959 1318 4011 omnem

188 4051 406 4128 Murmure
425 4048 693 4141 Trinacriam,
714 4065 753 4125 et
773 4050 929 4126 caelum
949 4046 1156 4124 subtexere
1176 4043 1303 4124 fumo.
1423 4118 1426 4124 .

186 4162 368 4240 Noctem
388 4161 498 4237 illam
520 4161 616 4238 tecti
637 4159 743 4237 silvis
762 4159 941 4236 inmania
961 4177 1137 4236 monstra

185 4271 441 4368 Perferimus,
463 4298 535 4351 nec
556 4298 659 4379 quae
678 4272 855 4350 sonitum
875 4270 942 4349 det
962 4297 1089 4366 causa,
1108 4269 1301 4349 videmus.
