3584 4522
201 440 243 518 N
247 467 298 519 on
321 469 391 521 nos
411 460 480 520 aut
499 438 603 519 ferro
624 440 796 551 Libycos
815 440 1006 549 populare
1027 441 1191 520 Penates

200 552 413 648 Venimus,
433 573 502 632 aut
522 573 650 660 raptas
670 553 718 632 ad
737 553 856 632 litora
875 573 1026 632 vertere
1046 551 1207 661 praedas
1225 583 1236 646 ;

200 665 243 743 N
246 692 298 744 on
320 693 367 744 ea
385 667 445 744 vis
465 666 614 760 animo,
635 691 708 743 nec
727 681 835 743 tanta
853 666 1039 771 superbia
1057 665 1186 745 victis.

199 776 270 856 Est
291 778 415 871 locus,
438 776 681 884 Hesperiam
703 777 816 856 Graii
838 777 1079 882 cognomine
1100 776 1253 870 dicunt,
1517 800 1539 882 5
1545 802 1597 884 30

196 892 322 968 Terra
343 889 522 995 antiqua,
542 908 682 996 potens
703 889 822 967 armis
841 907 961 995 atque
981 888 1101 968 ubere
1121 886 1284 996 glaebae
1302 919 1312 983 ;

198 1000 371 1080 Oenotri
393 1000 551 1079 coluere
570 1001 647 1078 viri
666 1030 676 1096 ;
707 1025 815 1078 nunc
834 996 952 1094 fama,
972 1001 1146 1079 minores

197 1111 358 1189 ltaliam
380 1111 525 1190 dixisse
545 1111 656 1192 ducis
677 1111 725 1191 de
744 1112 908 1190 nomine
927 1130 1102 1219 gentem.

198 1223 283 1301 Hic
304 1250 440 1302 cursus
461 1221 567 1302 fuit:

196 1335 304 1412 Cum
324 1335 458 1414 subito
480 1335 691 1442 adsurgens
711 1332 835 1414 fluctu
856 1333 1059 1414 nimbosus
1078 1333 1208 1414 Orion
1514 1361 1535 1442 ς
1543 1361 1562 1442 3
1570 1359 1592 1441 ς

195 1446 241 1524 ln
261 1447 363 1526 vada
383 1475 500 1527 caeca
521 1449 625 1543 tulit,
646 1448 884 1555 penitusque
904 1446 1138 1555 procacibus
1157 1446 1296 1526 austris

195 1559 351 1666 Perque
372 1558 511 1655 undas,
531 1580 739 1667 superante
758 1561 852 1654 salo,
875 1585 1024 1667 perque
1043 1559 1152 1638 invia
1171 1585 1262 1638 saxa

193 1671 404 1776 Dispulit3
437 1671 518 1750 huc
537 1672 654 1779 pauci
673 1672 812 1750 vestris
832 1671 1062 1750 adnavimus
1082 1673 1172 1751 oris.

193 1781 315 1867 Quod
337 1810 462 1890 genus
482 1782 560 1862 hoc
581 1784 825 1862 hominum?
857 1809 1008 1890 quaeve
1029 1784 1137 1861 hunc
1158 1802 1241 1861 tam
1260 1780 1425 1863 barbara
1439 1809 1593 1861 morem

192 1894 401 1973 Permittit
420 1896 580 2001 patriai
610 1895 786 2001 hospitio
807 1894 1068 2003 prohibemur
1087 1894 1255 1972 harenae
1274 1926 1284 1991 ;
1512 1919 1591 2001 540

192 2005 303 2082 Bella
324 2007 446 2101 cient,
468 2007 677 2113 primaque
697 2026 834 2084 vetant
854 2007 1065 2085 consistere
1086 2022 1201 2084 terra.

191 2116 231 2195 Si
254 2143 380 2223 genus
401 2118 627 2196 humanum
648 2137 686 2197 et
706 2119 889 2197 mortalia
910 2119 1090 2198 temnitis
1109 2145 1231 2213 arma,

191 2229 249 2306 At
270 2247 424 2334 sperate
445 2228 551 2325 deos,
572 2228 895 2309 memoresfandi
916 2249 1034 2337 atque
1054 2228 1226 2308 nefandi.

192 2340 282 2418 Rex
303 2359 387 2419 erat
408 2343 564 2420 Aeneas
584 2341 711 2436 nobis,
732 2368 813 2448 quo
833 2343 975 2421 iustior
994 2342 1105 2437 alter,
1216 2378 1219 2383 ·

191 2451 233 2529 N
237 2479 282 2529 ec
302 2454 453 2557 pietate
472 2450 551 2532 fuit
571 2480 643 2532 nec
663 2452 767 2533 bello
788 2455 915 2531 maior
935 2471 974 2531 et
994 2454 1125 2531 armis.

190 2563 326 2649 Quem
347 2566 378 2642 si
399 2561 481 2643 fata
500 2565 634 2643 virum
654 2584 824 2660 servant,
842 2565 874 2644 si
894 2566 1069 2645 vescitur
1089 2591 1181 2643 aura

189 2676 399 2770 Aetheria,
418 2703 550 2784 neque
570 2676 700 2756 adhuc
721 2676 946 2756 crudelibus
966 2675 1135 2756 occubat
1155 2674 1320 2778 umbris,
1340 2743 1342 2747 .
1440 2705 1445 2714 ·
1492 2705 1497 2712 ’

190 2787 288 2865 Non
310 2808 441 2866 metus
459 2821 470 2884 3
501 2787 635 2867 officio
655 2814 728 2868 nec
749 2806 788 2867 te
809 2808 972 2867 certasse
992 2788 1181 2895 priorem'

190 2899 409 2979 Paeniteat.
472 2899 570 2978 Sunt
590 2919 631 2979 et
651 2900 793 2980 Siculis
814 2900 1041 3007 regionibus
1062 2898 1177 2979 urbes

189 3011 412 3117 Armaque,
431 3012 690 3118 Troianoque
710 3037 731 3089 a
751 3013 942 3118 sanguine
962 3013 1086 3091 clarus
1106 3013 1282 3091 Acestes.

188 3121 428 3206 Quassatam
447 3124 577 3203 ventis
595 3124 712 3202 liceat
732 3123 950 3203 subducere
969 3124 1146 3219 classem,

187 3233 243 3310 Et
263 3233 374 3313 silvis
394 3254 531 3341 aptare
551 3233 679 3314 trabes
699 3253 738 3313 et
757 3236 951 3342 stringere
971 3261 1113 3331 remos,

188 3344 228 3421 Si
250 3345 366 3423 datur
387 3345 560 3441 Italiam,
579 3347 696 3426 sociis
715 3366 755 3426 et
775 3373 867 3454 rege
888 3367 1061 3454 recepto,

186 3456 385 3552 Tendere,
407 3477 452 3535 ut
473 3457 631 3537 Italiam
650 3459 742 3537 laeti
762 3458 1006 3567 Latiumque
1026 3478 1221 3565 petamus,

189 3568 257 3645 Sin
280 3568 492 3676 absumpta
512 3570 625 3665 salus,
646 3588 685 3647 et
705 3589 758 3665 te,
778 3590 890 3677 pater
909 3592 1073 3678 optume
1091 3573 1311 3662 Teucrum,

187 3680 338 3758 Pontus
359 3680 482 3759 habet
503 3680 667 3790 Libyae,
687 3708 761 3761 nec
781 3708 868 3789 spes
888 3684 969 3761 iam
989 3701 1108 3760 restat
1128 3681 1219 3774 Iuli,

184 3793 241 3868 At
262 3789 363 3868 freta
384 3791 562 3870 Sicaniae
580 3794 719 3872 saltem
739 3794 925 3901 sedesque
945 3813 1111 3902 paratas,

186 3901 305 3980 Unde
327 3901 408 3981 huc
428 3902 598 3999 advecti,
619 3931 834 4012 regemque
854 3924 1035 4013 petamus
1054 3906 1240 3983 Acesten.

238 4126 404 4204 Talibus
427 4123 602 4205 Ilioneus
620 4157 630 4221 ;
661 4128 798 4207 cuncti
820 4128 938 4207 simul
960 4154 1027 4206 ore
1047 4123 1269 4207 fremebant

183 4237 448 4316 Dardanidae.
