3584 4522
183 455 308 533 Nunc
330 480 468 534 omnes
489 471 639 533 terrent
657 480 784 551 aurae,
805 481 925 534 sonus
945 457 1095 536 excitat
1115 457 1250 537 omnis

182 566 427 674 Suspensum
447 587 487 645 et
507 566 664 673 pariter
675 568 900 676 comitique
920 570 1115 678 onerique
1136 571 1363 649 timentem.

241 792 409 900 Iamque
430 789 750 897 propinquabam
769 792 909 898 portis,
930 819 1175 900 omnemque
1193 791 1357 872 videbar
1509 818 1601 902 730

183 907 364 988 Evasisse
384 903 506 993 viam,
527 903 658 981 subito
679 930 774 981 cum
794 902 931 981 creber
951 905 999 982 ad
1021 932 1132 984 aures

183 1017 303 1095 Visus
324 1015 454 1094 adesse
474 1012 625 1119 pedum
644 1016 807 1111 sonitus,
829 1016 1069 1123 genitorque
1089 1044 1159 1124 per
1178 1015 1365 1096 umbram

184 1128 448 1233 Prospiciens‚
472 1126 594 1222 Nate,
614 1128 822 1222 exclamat,
843 1122 953 1233 fuge,
974 1146 1096 1223 nate;
1125 1129 1412 1236 propinquant.

183 1240 382 1319 Ardentes
405 1238 555 1344 clipeos
576 1259 695 1345 atque
715 1264 803 1316 aera
823 1240 1018 1318 micantia
1038 1266 1169 1318 cerno.

243 1462 329 1540 Hic
350 1461 454 1541 mihi
476 1462 608 1541 nescio
630 1460 737 1568 quod
758 1462 916 1570 trepido
937 1465 1040 1541 male
1060 1491 1208 1542 numen
1230 1464 1408 1544 amicum
1506 1487 1595 1572 735

186 1571 407 1653 Confusam
427 1576 577 1680 eripuit
598 1591 786 1651 mentem.
846 1573 1037 1681 Namque
1058 1577 1144 1655 avia
1164 1603 1280 1655 cursu

184 1685 299 1764 Dum
319 1713 464 1793 sequor
484 1704 523 1763 et
544 1707 638 1763 nota
657 1684 805 1763 excedo
827 1687 992 1791 regione
1012 1688 1183 1784 viarum,

185 1798 312 1877 Heu!
345 1799 492 1876 misero
514 1798 690 1875 coniunx
711 1795 841 1875 fatone
863 1819 998 1905 erepta
1020 1797 1168 1877 Creusa

185 1910 385 2003 Substitit,
407 1908 604 1988 erravitne
623 1911 700 2004 via,
721 1935 788 1987 seu
807 1910 904 1989 lassa
926 1909 1084 2005 resedit,
1113 1977 1118 1987 .

184 2021 392 2101 Incertum
410 2053 420 2117 3
453 2048 527 2101 nec
546 2040 635 2128 post
655 2022 779 2100 oculis
799 2039 858 2100 est
878 2021 1031 2101 reddita
1051 2023 1204 2101 nostris.

184 2134 229 2212 N
232 2160 277 2212 ec
297 2135 408 2241 prius
429 2135 611 2212 amissam
631 2134 783 2241 respexi
803 2135 1036 2213 animumve
1056 2132 1205 2229 reflexi,

184 2246 321 2330 Quam
341 2246 546 2323 tumulum
565 2247 751 2352 antiquae
772 2245 927 2325 Cereris
947 2246 1161 2353 sedemque
1181 2263 1371 2325 sacratam

184 2356 382 2435 Venimus
403 2387 413 2449 ;
445 2354 513 2434 hic
534 2355 698 2435 demum
718 2357 892 2436 collectis
913 2359 1100 2437 omnibus
1120 2385 1198 2436 una

183 2463 342 2561 Defuit,
364 2486 403 2545 et
424 2468 591 2546 comites
610 2487 831 2575 natumque
850 2471 1065 2576 virumque
1084 2466 1238 2548 fefellit.

185 2579 323 2663 Quem
344 2607 424 2657 non
445 2581 622 2658 incusavi
643 2607 777 2658 amens
797 2580 1093 2689 hominumque
1113 2580 1374 2687 deorumque,

184 2691 272 2768 Aut
293 2690 393 2797 quid
413 2693 454 2769 in
477 2716 609 2770 eversa
628 2691 712 2769 vidi
733 2691 933 2771 crudelius
952 2692 1080 2771 urbe?

186 2802 411 2881 Ascanium
432 2802 721 2910 Anchisenque
740 2822 896 2909 patrem
915 2805 1176 2912 Teucrosque
1197 2805 1361 2883 Penates

187 2913 441 2992 Commendo
462 2914 580 2992 sociis
600 2931 639 2992 et
657 2940 778 2993 curva
795 2917 896 2994 valle
917 2916 1090 2994 recondo
1108 2948 1118 3011 ;

185 3023 277 3133 Ipse
298 3025 441 3104 urbem
462 3044 600 3133 repeto
621 3045 661 3105 et
681 3029 821 3134 cingor
840 3025 1087 3135 fulgentibus
1107 3029 1238 3107 armis.

187 3136 273 3215 Stat
295 3164 405 3216 casus
426 3164 614 3216 renovare
635 3166 783 3234 ornnes,
804 3167 1050 3247 omnemque
1069 3140 1213 3219 reverti

188 3248 266 3327 Per
284 3249 467 3344 Troiam,
489 3268 529 3328 et
549 3277 679 3329 rursus
699 3270 821 3358 caput
836 3252 1036 3331 obiectare
1056 3251 1225 3359 periclis.

243 3471 449 3579 Principio
471 3500 605 3552 muros
625 3473 870 3582 obscuraque
888 3476 1031 3555 limina
1049 3495 1197 3584 portae,

187 3583 280 3667 Qua
300 3610 480 3690 gressum
501 3587 735 3681 extuleram,
756 3607 909 3694 repeto,
930 3606 971 3666 et
990 3588 1158 3693 vestigia
1177 3605 1282 3664 retro

188 3693 412 3773 Observata
433 3724 577 3803 sequor
596 3725 666 3806 per
685 3717 847 3777 noctem
867 3718 908 3777 et
927 3700 1080 3777 lumine
1098 3700 1233 3777 lustro.

188 3805 349 3884 Horror
370 3808 522 3915 ubique
543 3811 708 3904 animos,
727 3811 849 3888 simul
868 3812 954 3918 ipsa
973 3811 1129 3888 silentia
1148 3827 1310 3888 terrent.

187 3916 288 3996 Inde
309 3918 493 4014 domum,
514 3921 545 3998 si
567 3916 669 3999 forte
688 3922 846 4028 pedem,
868 3925 899 4000 si
919 3920 1023 3998 forte
1043 3922 1205 4016 tulisset,

187 4028 265 4106 Me
285 4026 425 4109 refero.
488 4031 696 4111 Inruerant
717 4032 862 4128 Danai,
883 4051 923 4111 et
943 4051 1097 4110 tectum
1117 4059 1237 4112 omne
1257 4032 1459 4113 tenebant.

186 4140 305 4219 Ilicet
327 4143 432 4249 ignis
453 4143 553 4221 edax
573 4171 728 4223 summa
747 4145 796 4224 ad
815 4142 976 4251 fastigia
994 4163 1114 4222 vento

186 4252 379 4331 Volvitur
396 4285 406 4349 ;
438 4279 673 4363 exsuperant
692 4254 889 4352 flammae,
909 4253 1008 4334 furit
1027 4275 1154 4335 aestus
1173 4257 1222 4336 ad
1241 4283 1364 4336 auras.

864 4395 875 4400 -
887 4366 909 4400 0
