3584 4522
241 415 381 495 Multa
400 444 564 497 movens
584 416 719 498 animo
741 419 958 529 Nymphas
978 424 1189 504 venerabar
1207 442 1377 531 agrestes

185 528 494 636 Gradivumque
512 546 684 636 patrem,
706 532 861 612 Geticis
882 535 952 641 qui
973 536 1168 644 praesidet
1188 538 1304 633 arvis,

185 642 283 720 Rite
304 642 564 721 secundarent
584 642 690 723 visus
711 672 913 752 omenque
930 646 1117 728 levarent.

183 754 325 833 Tertia
345 752 412 833 sed
432 771 646 859 postquam
666 757 820 835 maiore
840 755 997 837 hastilia
1018 759 1105 839 nisu

183 866 413 973 Adgredior
434 864 682 975 genibusque
702 868 885 947 adversae
906 869 1088 949 obluctor
1107 871 1333 951 harenae-

184 978 376 1085 Eloquar,
398 1003 445 1055 an
468 976 604 1058 sileam
625 980 872 1088 i-gemitus
890 981 1146 1062 lacrimabilis
1165 984 1250 1063 imo

183 1090 364 1170 Auditur
384 1090 555 1186 tumu10,
578 1111 617 1171 et
637 1119 717 1171 vox
737 1091 890 1171 reddita
908 1091 1034 1173 fertur
1053 1094 1101 1173 ad
1120 1121 1258 1175 aures:

183 1202 296 1287 Quid
316 1202 522 1295 miserum,
543 1204 694 1299 Aenea,
715 1204 894 1284 laceras?
926 1207 1007 1284 iam
1027 1231 1144 1313 parce
1165 1207 1323 1314 sepulto
1340 1239 1353 1303 ;

184 1314 307 1393 Parce
327 1313 412 1420 pias
433 1315 620 1394 scelerare
640 1342 793 1395 manus.
853 1317 950 1398 Non
971 1344 1036 1396 me
1057 1317 1131 1397 tibi
1150 1320 1273 1398 Troia

185 1425 411 1505 Externum
432 1428 539 1521 tulit,
560 1447 628 1507 aut
649 1455 766 1507 cruor
786 1428 855 1507 hic
876 1428 925 1508 de
945 1431 1080 1537 stipite
1100 1448 1245 1509 manat.

184 1538 282 1616 Heu
303 1538 311 1617 !
342 1536 438 1647 fuge
459 1540 636 1620 crudeles
658 1559 778 1620 terras
799 1537 892 1647 fuge
910 1543 1004 1620 litus
1024 1569 1198 1621 avarum.

183 1650 295 1728 Nam
318 1651 540 1759 Polydorus
562 1679 650 1760 ego.
712 1652 798 1730 Hic
818 1649 1024 1731 confixum
1044 1651 1168 1732 ferrea
1189 1654 1290 1733 texit
1339 1742 1345 1752 ,

182 1763 379 1842 Telorum
399 1790 511 1871 seges
532 1783 571 1842 et
593 1764 733 1843 iaculis
753 1764 926 1843 increvit
946 1765 1083 1843 acutis.

239 2099 351 2176 Tum
372 2123 467 2176 vero
487 2098 639 2207 ancipti
660 2116 838 2178 mentem
858 2097 1075 2180 formidine
1093 2126 1246 2208 pressus

185 2209 394 2318 Obstipui,
414 2226 690 2318 steteruntque
710 2236 847 2289 comae
869 2231 908 2290 et
923 2238 1003 2290 vox
1023 2209 1199 2292 faucibus
1219 2211 1358 2292 haesit.

185 2321 314 2401 Hunc
336 2320 582 2431 Polydorum
602 2324 688 2401 auri
709 2324 912 2429 quondam
933 2350 1026 2402 cum
1044 2324 1219 2432 pondere
1239 2350 1387 2431 magno

186 2431 335 2512 Infelix
356 2433 539 2514 Priamus
559 2432 702 2513 furtim
721 2434 929 2513 mandarat
948 2435 1134 2514 alendum

185 2546 381 2626 Threicio
403 2549 502 2654 regi,
524 2574 619 2625 cum
638 2548 720 2625 iam
741 2544 938 2625 diffideret
958 2549 1076 2626 armis

187 2659 416 2739 Dardaniae
436 2661 627 2766 cingique
648 2659 790 2739 urbem
811 2659 1017 2739 obsidione
1037 2658 1200 2737 videret.

186 2770 275 2867 Ille,
297 2790 342 2850 ut
362 2799 457 2881 opes
476 2770 622 2851 fractae
640 2774 862 2865 Teucrum,
885 2789 924 2849 et
945 2771 1121 2850 Fortuna
1141 2770 1313 2865 recessit,

188 2884 270 2962 Res
289 2885 636 2991 Agamemnonias
655 2883 921 2990 victriciaque
940 2910 1050 2961 arma
1067 2902 1234 2978 secutus,

189 2996 265 3076 Fas
286 3024 406 3077 omne
426 2996 632 3105 abrumpit
649 3027 661 3093 ;
694 2994 941 3103 Polydorum
962 2994 1185 3090 obtruncat,
1206 3014 1245 3073 et
1264 3020 1361 3072 auro

188 3109 244 3186 Vi
264 3109 433 3216 potitur.
494 3110 607 3197 Quid
622 3137 703 3189 non
723 3109 907 3206 mortalia
926 3126 1087 3215 pectora
1106 3106 1226 3213 cogis,

188 3221 294 3301 Auri
316 3247 423 3301 sacra
441 3218 565 3302 fames
585 3225 599 3302 i
660 3223 877 3328 Postquam
897 3246 1022 3327 pavor
1040 3244 1124 3298 ossa
1143 3218 1322 3326 reliquit,

189 3334 377 3413 Delectos
397 3335 536 3441 populi
556 3334 605 3414 ad
625 3360 807 3443 proceres
826 3332 1085 3441 primumque
1102 3348 1306 3438 parentem

189 3445 376 3523 Monstra
396 3446 518 3525 deum
538 3444 679 3543 refero,
700 3464 753 3541 et,
775 3473 876 3552 quae
895 3446 946 3524 sit
965 3444 1168 3537 sententia,
1187 3466 1321 3548 posco.

190 3554 393 3636 Omnibus
413 3557 523 3636 idem
542 3560 713 3656 animus,
734 3559 921 3637 scelerata
939 3556 1129 3636 excedere
1148 3574 1263 3647 terra,

190 3667 344 3773 Linqui
365 3671 567 3777 pollutum
589 3671 828 3778 hospitium,
849 3690 888 3749 et
909 3670 1000 3749 dare
1020 3666 1203 3748 classibus
1223 3681 1387 3743 austros.

188 3779 298 3886 Ergo
321 3780 585 3863 instauramus
607 3783 807 3892 Polydoro
826 3780 972 3861 funus:
1005 3802 1044 3859 et
1063 3780 1201 3884 ingens

188 3892 414 3997 Aggeritur
435 3897 595 3973 tumulo
616 3896 730 3974 tellus
750 3926 761 3989 ;
792 3913 896 3973 stant
918 3891 1111 3970 Manibus
1131 3915 1229 3986 arae,

189 4003 391 4082 Caeruleis
411 4023 583 4085 maestae
603 4007 715 4085 vittis
734 4024 898 4111 atraque
918 4027 1113 4109 cupresso,

187 4116 241 4193 Et
263 4115 418 4194 circum
442 4115 587 4196 Iliades
607 4119 759 4198 crinem
780 4117 830 4196 de
849 4141 961 4193 more
981 4115 1159 4198 solutae:

189 4222 406 4306 Inferimus
427 4228 565 4335 tepido
586 4232 812 4337 spumantia
833 4227 993 4370 cymobia
1012 4227 1113 4304 lacte
