1204 1485
328 290 351 318 ‘''f'
363 293 383 313 T
393 293 462 320 regina
471 293 528 320 gravi
538 292 657 313 iamdudum
667 293 733 314 saucia
742 300 790 314 cura
831 297 836 307 ⁴

342 321 352 329 ”“
378 321 456 341 Vulnus
466 321 502 341 alit
511 321 574 344 venis,
584 326 605 341 et
615 328 673 341 caeco
683 322 771 349 carpitur
780 322 831 348 igni.

319 369 325 375 ἢ
346 369 348 371 ,
379 349 448 369 Multa
457 349 496 369 viri
506 349 569 369 virtus
580 349 654 372 animo.
665 350 779 377 multusque
789 354 878 370 recursat

257 374 279 394 ἰ’
293 379 297 387 “
307 373 357 401 ἐκ
379 377 451 397 Gentis
461 375 545 401 h0n0s;
556 377 639 397 haerent
648 377 705 397 infixi
716 383 796 405 pectore
806 375 874 398 voltus

244 405 358 432 Verbaque,
369 412 406 425 nec
416 405 517 432 placidam
526 405 623 425 membris
633 405 666 425 dat
675 412 722 425 cura
732 406 826 433 quietem.

274 461 354 481 Postera
365 461 460 481 Phoebea
468 461 564 481 lustrabat
574 461 665 488 lampade
675 466 735 481 terras

245 489 398 516 Umentemque
408 489 487 509 Aurora
497 489 544 515 polo
554 489 665 509 dimoverat
675 489 773 513 umbram,

245 518 299 537 Cum
309 517 338 537 sic
349 517 466 536 unanimam
476 517 592 544 adloquitur
602 517 654 537 male
664 524 709 537 sana
719 524 805 538 sororem
816 524 821 537 :

245 546 304 565 Anna
314 552 375 569 soror,
387 552 438 572 quae
448 552 481 565 me
491 552 606 572 suspensam
616 546 715 566 insomnia
725 546 813 566 terrent!

245 574 297 595 Quis
307 580 369 593 novus
379 573 414 593 hic
424 573 496 593 nostris
506 573 600 593 suecessit
611 573 688 593 sedibus
698 574 774 601 hospes,

245 602 313 623 Quem
324 608 364 621 sese
374 608 408 621 ore
418 600 489 625 ferem,
500 608 561 628 quam
571 600 618 621 forti
629 606 709 628 pectore
719 607 739 622 et
749 602 822 622 armis!

246 630 312 649 Credo
323 629 424 661 equidem,
435 636 472 649 nec
481 636 533 648 vana
542 628 597 653 fides,
608 636 669 656 genus
679 636 719 649 esse
729 630 818 650 deorum.

246 657 360 684 Degeneres
370 658 448 677 animos
458 657 520 677 timor
530 658 603 684 arguit.
634 657 688 681 Heu,
698 657 770 685 quibus
779 658 812 678 ille

245 685 332 705 Iactatus
343 685 388 705 fatis
399 685 403 705 !
420 692 471 712 quae
481 685 533 705 bella
544 686 640 705 exhausta
650 686 732 706 canebat
742 686 746 706 Ξ

245 713 266 733 si
276 713 329 733 mihi
339 720 380 733 non
390 714 459 733 animo
468 712 533 733 fixum
543 713 685 740 inmotumque
695 713 776 738 sederet,

245 741 279 761 Ne
289 741 322 761 cui
333 748 366 761 me
376 741 444 761 vinclo
454 741 526 761 vellem
536 741 612 761 sociare
622 742 692 768 iugali,

246 770 356 796 Postquam
366 769 444 796 primus
454 776 511 788 amor
520 769 626 796 deceptam
636 774 700 789 morte
709 769 778 790 fefellit
788 778 794 794 ;

246 797 266 817 Si
277 804 317 817 non
327 802 440 824 pertaesum
451 796 534 816 thalami
545 797 653 824 taedaeque
663 797 737 821 fuisset,

246 825 305 845 Huic
315 825 350 845 uni
361 824 427 844 forsan
437 825 495 852 potui
506 825 636 845 succumbere
646 826 725 852 culpae.⁴
775 840 797 843 ἶ-
816 841 859 847 -,,,

246 854 312 877 Anna,
322 853 401 873 fatebor
410 853 473 876 enim,
484 853 551 872 miseri
562 858 607 880 post
616 853 657 873 fata
667 853 750 880 Sychaei

247 881 345 908 Coniugis
355 886 375 901 et
385 887 460 908 sparsos
470 880 556 901 fraterna
566 881 626 901 caede
636 881 734 905 Penuess

247 909 348 929 Solus-hic
359 909 438 929 inflexit
448 915 520 933 sensus,
531 909 663 942 animumque
672 909 771 929 labantem

247 937 332 964 Inpulit.
362 937 478 964 Adgnosco
481 937 553 957 veteris
563 937 646 964 vestigia
656 937 753 957 flammae.

247 965 285 985 Sed
295 965 348 985 mihi
358 965 390 984 vel
401 966 458 985 tellus
468 970 538 992 optem
547 965 603 992 prius
613 966 654 985 ima
663 965 758 989 dehiscat,

246 993 286 1013 Vel
296 993 355 1013 Pater
364 993 492 1020 omnipotens
502 993 571 1020 adigat
581 1000 614 1013 me
624 986 708 1013 fulmine
718 993 742 1013 ad
752 993 838 1018 umbras,

247 1021 344 1041 Pallentes
354 1021 436 1041 umbras
446 1021 507 1041 Erebi
518 1026 639 1048 noctemque
649 1020 774 1048 profundam,

247 1050 309 1072 Ante,
320 1048 397 1081 Pudor,
406 1056 467 1076 quam
478 1053 497 1068 te
507 1049 569 1072 violo,
579 1053 613 1069 aut
623 1054 657 1068 tua
666 1049 710 1069 iura
720 1049 802 1069 resolvo.

248 1077 284 1097 Ille
294 1083 356 1100 meos,
367 1077 444 1104 primus
455 1077 490 1104 qui
500 1083 533 1096 me
543 1077 581 1096 sibi
591 1077 665 1100 iunxit,
674 1084 750 1097 amores

247 1105 352 1130 Abstulit;
368 1105 401 1125 ille
411 1104 483 1124 habeat
493 1111 561 1125 secum
572 1110 675 1136 servetque
685 1105 794 1132 sepulchro.

248 1131 281 1153 Sic
291 1130 351 1153 effata
361 1133 428 1152 sinum
437 1131 526 1152 lacrimis
535 1132 620 1160 inplevit
630 1132 711 1153 ebus-tls.

277 1217 337 1236 Anna
347 1215 422 1236 refert:
438 1216 457 1236 Ο
468 1216 513 1236 luce
523 1216 590 1248 magis
597 1216 669 1236 dilecta
678 1217 746 1241 sorori,

248 1245 318 1265 Solane
328 1249 425 1272 perpetua
435 1245 524 1264 maerens
534 1251 615 1271 carpere
625 1244 712 1269 iuventa,

923 581 948 594 10

924 721 947 741 ¹5

882 852 949 875 ‘20

923 1000 949 1021 25

924 1141 950 1161 30
