3584 4522
624 312 631 321 .
636 310 651 318 ι.
655 306 881 343 -ι-κ-κη--ᾕ,“

160 468 259 548 Non
279 466 395 549 illum
416 470 531 549 nobis
551 457 737 577 genetrix
757 346 1176 601 ρυ1ε1κπιιηᾟ1ῄ

160 575 352 662 Promisit
374 582 628 690 Graiumque
647 580 739 661 ideo
758 582 818 661 bis
838 584 1014 683 vindicat
1034 585 1183 663 armis·
1173 646 1184 680 ,
1310 644 1313 648 -

159 692 234 772 Sed
255 691 354 790 fore,
376 722 447 801 qur
436 695 708 801 '‘gravidam
697 696 875 801 imperiis
894 674 1077 802 belloque
1098 694 1334 775 frementem

158 804 320 885 Italiam
341 826 509 912 regeret,
530 833 655 914 genus
676 807 755 885 alto
775 833 797 884 a
815 809 1004 913 sanguine
1024 810 1170 887 Teucri
1270 818 1273 822 ’

158 916 363 1013 Proderet,
384 945 429 997 ac
451 938 582 999 totum
599 918 671 999 sub
692 919 797 1025 leges
816 921 994 998 mitteret
1016 919 1165 1021 orbem.

159 1029 199 1107 Si
220 1031 329 1108 nulla
350 1030 534 1109 accendit
555 1050 754 1110 tantarum
774 1033 900 1138 gloria
919 1058 1053 1109 rerum

157 1140 201 1219 N
204 1167 248 1219 ec
269 1168 386 1249 super
406 1144 489 1250 ipse
511 1170 580 1222 sua
600 1144 767 1221 molitur
786 1145 900 1222 laude
920 1142 1112 1239 laborem,

158 1254 384 1332 Ascanione
405 1275 519 1363 pater
541 1257 741 1334 Romanas
760 1256 912 1335 invidet
932 1281 1036 1335 arces
1056 1258 1070 1333 l

159 1365 271 1450 Quid
292 1369 441 1446 struit?
474 1386 542 1446 aut
563 1395 641 1474 qua
661 1393 728 1474 spe
748 1368 911 1446 inimica
931 1368 972 1445 in
993 1387 1112 1473 gente
1131 1386 1322 1462 moratur,

158 1476 202 1555 N
204 1503 248 1555 ec
269 1480 426 1585 prolem
446 1481 670 1558 Ausoniam
691 1497 730 1556 et
750 1479 916 1558 Lavinia
936 1480 1097 1585 respicit
1116 1482 1238 1558 arva?

158 1588 336 1696 Naviget
358 1620 367 1669 :
400 1592 498 1669 haec
519 1618 676 1670 summa
696 1609 752 1669 est
773 1621 783 1685 ;
814 1591 882 1669 hic
905 1593 1029 1670 nostri
1050 1593 1212 1670 nuntius
1233 1610 1329 1669 esto.

500 1821 512 1854 d

215 1870 401 1949 Dixerat.
462 1869 534 1949 Ille
554 1872 678 1979 patris
698 1871 832 1976 magni
853 1897 988 1977 parere
1008 1870 1168 1978 parabat

159 1980 370 2089 Imperio,
361 2015 369 2033 ·
402 2002 443 2059 et
464 1984 647 2090 primum
667 1983 834 2112 pedibus
855 1984 990 2061 talaria
1010 1984 1147 2077 nectit,

159 2095 307 2188 Aurea,
328 2121 430 2202 quae
451 2094 678 2172 sublimem
671 2095 803 2174 ·'alis
774 2121 856 2173 sive
877 2122 1047 2203 aequora
1066 2122 1182 2202 supra

159 2205 236 2282 Seu
257 2223 404 2284 terram
426 2207 566 2313 rapido
587 2208 736 2313 pariter
756 2233 849 2284 cum
868 2204 1028 2285 flamine
1048 2225 1235 2315 portant3

156 2294 327 2395 Tum
289 2344 447 2423 v1rgam
468 2319 606 2424 capit;
637 2316 711 2396 hac
732 2319 880 2397 animas
901 2320 965 2397 ille
985 2337 1122 2396 evocat
1145 2320 1253 2397 Orco

159 2426 374 2523 Pallentes,
398 2428 492 2507 alias
514 2429 586 2508 sub
607 2431 772 2506 Tartara
792 2432 919 2509 tristia
938 2432 1079 2524 mittit,

159 2540 242 2618 Dat
263 2567 423 2619 somnos
444 2542 680 2647 adimitque,
702 2560 741 2618 et
760 2543 911 2620 lumina
931 2560 1060 2619 morte
1081 2560 1278 2647 resignat·

159 2651 232 2730 Illa
253 2649 378 2731 fretus
400 2655 483 2758 agit
503 2672 657 2747 ventos,
679 2671 718 2729 et
738 2652 897 2732 turbida
918 2671 1045 2730 tranat
1481 2674 1560 2755 245
1593 2730 1596 2735 ,

101 2696 325 2953 stlffilrbila.
389 2764 557 2871 Iamque
577 2765 712 2843 volans
733 2767 887 2873 apicem
907 2783 946 2842 et
965 2765 1085 2842 latera
1106 2763 1224 2842 ardua
1244 2760 1374 2842 cernit
1561 2742 1594 2833 s
1629 2756 1634 2763 ’

156 2875 195 2952 Α
200 2893 351 2956 anttrs
355 2876 459 2972 duri,
481 2877 635 2954 caelum
657 2902 727 2983 qur
716 2871 896 2955 vertici
916 2873 1047 2971 fulcit,
1572 2874 1585 2915 ¹

156 2987 348 3082 Atlantis,
371 2989 552 3066 cinctum
571 2988 733 3066 adsidue
752 3015 817 3066 cur
806 2988 1010 3068 nubibus
1030 2988 1122 3067 atris

41 3170 45 3183 .
158 3095 383 3177 Piniferum
405 3119 526 3207 caput
548 3118 587 3178 et
606 3118 728 3178 vento
746 3102 925 3207 pulsatur
945 3120 983 3178 et
1003 3099 1124 3179 imbri
1145 3131 1156 3196 ;

158 3210 248 3288 Nix
267 3211 456 3290 humeros
476 3208 607 3289 infusa
627 3211 728 3316 tegit
746 3242 757 3305 ;
789 3230 875 3289 tum
894 3209 1061 3290 flumina
1080 3229 1216 3289 mento
1482 3233 1504 3287 2
1510 3233 1562 3315 50

158 3322 429 3429 Praecipitant
450 3324 563 3417 senis,
586 3341 624 3400 et
645 3323 771 3427 glacie
790 3324 893 3429 riget
912 3323 1074 3402 horrida
1093 3321 1225 3401 barba.

215 3603 302 3681 Hic
318 3602 499 3708 primum
519 3603 680 3710 paribus
700 3604 827 3682 nitens
848 3602 1052 3710 Cyllenius
1071 3600 1140 3677 alis

160 3715 356 3793 Constitit
379 3745 388 3808 ;
420 3714 517 3793 hinc
540 3733 628 3792 toto
648 3741 834 3823 praeceps
854 3741 893 3792 se
914 3738 1076 3821 corpore
1097 3711 1145 3789 ad
1164 3710 1286 3790 undas
1325 3788 1328 3793 r

160 3826 294 3919 Misit,
317 3827 381 3903 avi
402 3827 558 3921 similis,
579 3852 681 3931 quae
702 3828 853 3904 circum
872 3826 1001 3918 litora,
1022 3830 1174 3902 circum

159 3938 337 4016 Piscosos
358 3939 541 4045 scopulos
563 3936 727 4015 humilis
746 3938 853 4014 volat
873 3962 1041 4041 aequora
1062 3934 1185 4015 iuxta.
1249 4016 1278 4036 ἢ

159 4050 285 4129 Haud
307 4050 424 4126 aliter
444 4070 565 4126 terras
586 4051 691 4127 inter
711 4048 944 4154 caelumque
963 4045 1119 4124 volabat

157 4163 273 4241 Litus
294 4162 535 4239 harenosum
557 4161 605 4238 ad
627 4160 780 4268 Libyae
799 4179 1016 4265 ventosque
1036 4158 1190 4238 secabat

160 4276 354 4355 Materno
375 4274 537 4352 veniens
559 4275 607 4352 ab
630 4300 704 4351 avo
726 4272 910 4380 Cyllenia
925 4271 1063 4377 proles.
